3646 5430
162 457 231 533 aa
244 486 282 537 tr.
303 381 407 539 2⁷liis
427 457 558 551 subiecit
583 364 959 557 DRSeEdilGeaIuAEpemriaa}
969 367 1238 560 Ithsallusnlalplle
1247 367 1380 533 iprdilmi
1398 460 1466 532 viui
1483 476 1560 536 cum
1576 465 1642 541 fic*

160 565 254 634 1650·
296 560 395 630 charo
416 564 647 632 &cinamomo
659 555 774 627 infusas
787 612 798 643 ,
810 556 878 627 Soli
890 582 946 654 per
958 581 1019 628 tres
1031 555 1244 630 hebdomadas
1258 554 1434 653 expositas,
1446 555 1641 651 vulneribus,

292 652 497 726 incifionibus
512 662 545 725 δι
560 649 797 723 contusionibus
814 652 933 722 mederi
951 676 961 729 ς
982 650 1039 721 alii
1058 649 1231 722 balsamum
1252 649 1437 725 Ptrufinuna
1449 657 1486 723 in
1504 657 1636 729 eundem

290 746 382 818 usum
396 747 673 821 commendarunt.
701 745 783 816 Illud
795 752 828 815 in
843 744 1024 816 universum
1037 743 1099 816 fuit
1111 748 1285 838 judicatum
1297 744 1374 815 utile
1383 743 1447 818 else
1458 746 1634 823 vulneribus

287 846 484 930 remedium,
505 843 593 939 quod
605 847 636 912 vi
650 842 764 912 leniter
783 841 973 937 astringente
990 841 1145 927 donatur,
1162 864 1196 911 ut
1219 841 1403 939 sanguinem
1416 839 1512 928 fistar,
1524 841 1643 916 &satia-

285 939 331 1012 est
341 939 473 1010 volatile
484 962 520 1011 ur
530 934 761 1009 extravasatum
773 934 825 1005 san
849 940 956 1007 uinem
971 932 1105 1006 resolvat
1118 960 1157 1005 ac
1170 935 1290 1023 disller,
1305 937 1393 1030 quod
1408 935 1541 1006 demum
1555 961 1630 1034 quo.

284 1039 362 1107 darn
382 1039 529 1119 vernice,
552 1054 588 1103 ut
608 1030 804 1127 loquuntur,
818 960 871 1100 {u
883 1030 1010 1126 liquore
1023 1027 1187 1127 splendido
1205 1041 1239 1104 δι
1253 1034 1358 1103 tenaci
1369 1026 1626 1121 fieunitvuinu,

285 1133 400 1202 ura'e‘ri
413 1126 561 1199 occludat
574 1128 710 1201 aditum.
831 1174 836 1183 ·
865 1149 870 1155 ’
929 1182 933 1189 .
1618 1166 1622 1173 ·

285 1258 290 1265 ·
334 1227 423 1295 Cum
441 1224 594 1293 eatstate
611 1226 741 1293 cimices
757 1217 853 1293 solito
865 1221 963 1293 essent
974 1219 1195 1306 molestiores,
1224 1221 1310 1292 idem
1336 1229 1381 1294 D.
1412 1222 1557 1296 Sedileau
1576 1227 1625 1302 har

282 1322 486 1418 parietariam
500 1314 633 1386 herbam
654 1318 794 1413 quaerere
813 1372 824 1403 ,
846 1323 943 1415 eique
969 1315 1125 1387 adbaetere
1146 1320 1285 1388 monuit.
1306 1318 1486 1392 sublimati
1501 1316 1625 1396 solutio·

281 1427 357 1484 nem
372 1413 448 1483 huic
458 1407 651 1482 iuuenum
659 1417 768 1507 generi
787 1410 932 1482 infestam
947 1412 1065 1484 esseuti
1079 1410 1278 1509 &pediculis
1292 1411 1531 1512 comprobavit,
1543 1440 1624 1489 cum·

280 1532 347 1605 que
369 1509 437 1578 haec
457 1507 630 1603 relegerem
649 1515 672 1578 a
695 1511 766 1579 vito
789 1505 852 1578 fide
873 1508 972 1604 digno
997 1511 1106 1602 accepi
1155 1511 1275 1575 umices
1291 1506 1378 1578 soliis
1395 1504 1535 1605 phaseuli
1548 1512 1626 1585 ultro

281 1601 495 1696 adheresctre.
518 1602 579 1673 isia
592 1602 723 1696 quidem
735 1607 884 1674 omittere
895 1602 986 1674 nolui
1001 1601 1091 1698 quod
1143 1605 1176 1670 ui
1188 1599 1250 1670 effe
1267 1598 1386 1700 poffint
1407 1632 1416 1675 r
1434 1601 1623 1681 muna

281 1705 400 1798 ignoto
412 1694 569 1789 eiusmodi
581 1720 695 1767 arcana
708 1698 729 1767 a
741 1696 850 1768 multis
864 1700 1040 1783 contemni,

333 1803 346 1864 l
364 1799 407 1865 X.
443 1797 480 1861 ln
492 1792 524 1861 id
547 1788 744 1886 potissimum
764 1791 909 1864 incubuit
929 1792 1126 1878 Academia,
1150 1814 1186 1863 ut
1202 1818 1271 1889 qua
1292 1802 1356 1885 jam
1370 1792 1619 1891 publicatarum

278 1891 404 1964 fuerant
424 1885 610 1959 animalium
626 1883 874 1985 descriptiones,
895 1885 949 1956 ubi
970 1883 1001 1956 se
1023 1883 1164 1957 sedabat
1193 1886 1317 1959 occasio
1339 1898 1374 1962 δι
1394 1913 1511 1963 eorum
1588 1901 1613 1966 ia

280 1989 414 2073 aderat,
440 2004 591 2054 accurato
607 1982 744 2052 examini
764 1978 990 2075 subjicerentur
998 2037 1010 2070 ,
1026 2006 1063 2053 ac
1086 1979 1195 2081 fiquae
1216 1982 1302 2056 forti
1316 1981 1480 2074 deessent,
1501 1985 1614 2088 suppe-

283 2104 413 2153 tenrut.·

334 2183 380 2248 D.
395 2179 491 2271 Mety
503 2174 630 2269 Cystim
643 2167 773 2242 felleam
787 2174 904 2243 Leonis
912 2169 1103 2244 exficcatam
1114 2171 1245 2270 subjecit
1262 2175 1384 2264 oculis,
1408 2183 1445 2249 in
1458 2203 1523 2275 qua
1533 2203 1555 2265 7
1567 2203 1614 2251 tc·

282 2274 331 2347 lut
343 2270 516 2368 sepimenta
526 2265 612 2363 quast
625 2267 764 2339 totidem·
773 2264 881 2357 tabule
895 2288 1003 2354 erant,
1025 2264 1081 2339 suo
1093 2295 1228 2368 quaeque
1245 2271 1405 2343 foramine
1422 2280 1557 2372 persia,
1576 2276 1617 2347 su·

281 2373 422 2469 periotes
441 2361 582 2434 veficulae
594 2359 625 2432 se
636 2363 667 2433 se
687 2367 720 2431 in
733 2361 898 2457 inferiores
910 2385 966 2458 pet
977 2360 1032 2432 illa
1049 2362 1208 2435 foramina
1218 2390 1403 2442 exonerant.

332 2466 376 2534 X.
416 2465 481 2532 Die
504 2484 542 2544 17
566 2463 650 2530 Maii
673 2461 718 2526 D.
747 2457 895 2530 Terouue
917 2453 1095 2553 Chirurgus
1118 2468 1205 2550 cujus
1229 2469 1294 2551 jam
1326 2459 1465 2536 fecimus
1489 2473 1610 2541 mortio·

278 2584 355 2634 nem
374 2614 384 2645 ,
409 2551 724 2634 moleminforrnem
744 2575 834 2623 extra
851 2573 978 2621 uterum
1004 2551 1115 2650 puella
1138 2559 1172 2626 18
1187 2578 1288 2626 anuos
1300 2577 1380 2625 nntae
1396 2582 1555 2657 repertam
1573 2585 1614 2634 at-

280 2654 353 2727 tulit
372 2707 382 2738 ,
403 2657 521 2744 inqua
534 2670 624 2720 erant
636 2653 749 2747 capitis
769 2646 948 2716 rudimenta
969 2648 1115 2741 quaedam
1135 2682 1145 2734 3
1168 2673 1243 2720 nam
1263 2650 1331 2723 duaa
1352 2650 1443 2726 velut
1468 2656 1614 2757 palpebra

278 2749 351 2848 pilis
375 2741 581 2840 &glandulis
609 2744 765 2814 instructa
786 2739 1011 2836 apparebant,
1035 2739 1150 2814 frontis
1171 2744 1332 2842 quoddam
1359 2740 1521 2844 specimen
1539 2752 1612 2825 linei

277 2843 391 2939 nigri,
406 2861 475 2936 qua
491 2832 649 2936 supercilii
663 2838 817 2908 locoerat
832 2834 1016 2904 distinctum
1038 2870 1048 2921 3
1073 2835 1178 2934 plures
1195 2836 1302 2937 capilli
1318 2840 1392 2912 satis
1407 2840 1442 2917 lo
1487 2848 1538 2917 ‘in
1559 2844 1608 2916 fu.

275 2936 421 3007 niculum
444 2937 583 3003 contorti
604 2928 638 3003 su
661 2959 696 3004 ra
713 2931 857 3002 frontem
884 2927 1074 3018 exstabant,
1111 2939 1168 3029 qui
1187 2933 1348 3006 funiculus
1366 2868 1541 3013 cumwlhsci
1586 2965 1608 3008 o

272 2959 1129 3216 aulaumaiu„feissefuir
1145 3028 1236 3194 ul
1248 3029 1608 3205 suueuia&

270 3217 305 3290 is
322 3242 361 3288 ue
379 3208 551 3309 majorino
566 3217 724 3313 prioribus
741 3217 831 3286 nasci
847 3173 1024 3292 videbitur.
1068 3223 1146 3288 Duo
1168 3150 1225 3289 alii
1243 3217 1350 3291 dentes
1368 3184 1466 3296 velut,
1487 3180 1611 3301 manile,

269 3242 377 3385 inlerti
393 3309 580 3382 videbantur
591 3305 649 3380 sub
664 3311 805 3408 quodam
823 3306 983 3379 foramine
996 3336 1037 3382 eo
1050 3311 1117 3383 sete
1131 3313 1206 3384 loco
1226 3311 1281 3381 ubi
1297 3337 1388 3387 aures
1407 3318 1634 3407 collocaram·

270 3409 338 3479 baec
352 3406 452 3478 moles
466 3405 613 3487 informis
619 3403 815 3476 membranae
827 3401 949 3474 duobus
960 3409 994 3474 in
1007 3406 1085 3479 locis
1097 3406 1266 3500 adherebat
1280 3463 1291 3494 ,
1312 3408 1377 3482 hoc
1399 3414 1576 3488 monstrum
1590 3414 1613 3487 l

270 3507 368 3576 D.de
381 3502 410 3572 la
423 3507 506 3573 Hire
521 3500 584 3572 fuit
599 3500 802 3574 delineatum.
1407 3552 1411 3560 .
1596 3552 1600 3560 .

222 3630 227 3641 ·
318 3606 387 3672 ΧΙ.
419 3597 624 3667 Locustarum
637 3621 706 3693 quar
720 3620 850 3694 magnas
863 3593 1004 3668 Poloniae
1023 3605 1055 3668 &
1070 3599 1224 3669 Liruaniae
1239 3602 1383 3695 regiones
1405 3606 1611 3691 vallaveruna·

269 3694 410 3765 formam
425 3692 638 3763 &historiam
659 3696 743 3789 typis
765 3687 911 3762 excusam
928 3691 1005 3789 legit
1027 3699 1070 3763 D·
1089 3692 1237 3792 Galloys.
1278 3698 1389 3766 Paucis
1417 3700 1612 3798 posidirbm

260 3794 320 3856 :vir
341 3784 451 3856 clariss
474 3793 519 3859 D.
533 3791 566 3857 S.
581 3782 681 3857 Ulsan
698 3784 852 3874 ejusmodi
865 3780 982 3857 insecta
1002 3790 1042 3860 ad
1064 3783 1133 3857 sed
1157 3790 1290 3860 Polonia
1307 3791 1397 3861 missa
1422 3817 1535 3867 coram
1557 3814 1619 3869 αι·

271 3878 387 3952 hibuit.
423 3879 615 3975 Vulgaribus
642 3878 769 3950 locustis
791 3906 857 3952 non
883 3880 1059 3954 admodum
1081 3882 1141 3954 esse
1164 3880 1324 3954 dissimiles
1345 3887 1545 3962 existimabat
1564 3895 1604 3965 D.

271 3978 439 4065 Sedileau3
466 3969 544 4045 senis
561 3973 619 4044 alis
642 3973 893 4061 muniebantur,
914 3985 1010 4049 remis
1031 4003 1069 4048 ex
1087 4003 1153 4051 uuo
1177 4001 1285 4074 uoque
1305 3976 1411 4050 latere.
1448 3983 1542 4059 Cum
1562 3986 1615 4057 die·

262 4077 356 4175 Junii
378 4075 398 4144 8
421 4073 514 4142 mand
536 4075 581 4142 D.
607 4071 733 4139 Dodart
747 4067 899 4165 ‘Versaliis
910 4073 1071 4145 Lutetiam
1087 4005 1275 4147 iretsaceret
1288 4128 1299 4160 ,
1311 4075 1534 4150 incredibilem
1549 4085 1614 4155 tral-¹

269 4191 411 4240 nurotun
428 4165 587 4237 bufonum
599 4165 669 4263 post
682 4161 860 4235 uberiorem
875 4163 1016 4260 pluviam
1031 4165 1298 4250 inuiderimus,
1345 4173 1378 4237 ui
1393 4194 1506 4255 omnes
1520 4182 1602 4257 yar.

267 4265 355 4337 salias
373 4261 480 4335 versus
497 4258 741 4336 contendebant.
765 4258 835 4332 Ubi
844 4257 936 4329 nullae
949 4287 1037 4335 erant
1050 4264 1181 4337 macula
1189 4285 1245 4332 aur
1257 4193 1399 4352 fotrilae,
1414 4263 1460 4337 ibi
1473 4291 1534 4341 nec
1546 4267 1602 4341 bu

268 4361 360 4433 sones
372 4381 472 4431 erant.
496 4360 586 4428 Hinc
605 4353 752 4426 concludi
791 4353 870 4425 orest
892 4355 1047 4449 ejusmodi
1065 4355 1256 4428 animalcula
1268 4382 1334 4427 non
1351 4382 1391 4428 ex
1411 4359 1547 4456 pluvia,
1570 4385 1603 4443 ut

267 4456 368 4554 vulgo
382 4455 537 4620 etegent,
551 4447 704 4538 formari,
726 4382 829 4522 serica
843 4447 923 4550 saepe
944 4453 1015 4550 post
1036 4451 1216 4526 uberiorem
1235 4449 1372 4524 imbrem
1390 4457 1466 4531 anre
1483 4455 1602 4531 delites·

265 4576 371 4624 centra
413 4575 427 4619 r
472 4574 528 4625 tre.
1584 4592 1588 4609 ·

310 4655 344 4722 Χ
359 4656 373 4720 Ι
387 4577 415 4720 p
452 4647 516 4715 Die
529 4648 568 4718 28
582 4644 727 4741 Januatii
747 4647 793 4715 D.
818 4647 884 4715 Des
900 4639 1037 4712 [iillcttes
1060 4666 1145 4713 nunc
1158 4642 1337 4713 Academiae
1352 4637 1484 4736 socius,
1504 4656 1539 4720 dc
1551 4653 1601 4727 'Dr'

264 4742 389 4827 Hebtrt
399 4748 433 4816 in
446 4739 595 4850 supremo
611 4744 730 4812 Senatu
742 4758 897 4839 maranus
909 4741 1015 4839 pontis
1027 4736 1210 4847 versatilis,
1225 4741 1307 4847 Pon}
1321 4759 1489 4838 sumant,
1506 4768 1600 4845 qum
