3646 5430
433 349 469 438 78
764 343 986 428 ΗΘΜ
1028 334 1530 426 δῦῐΕΝΤῐᾸΚΠΜ

294 462 329 538 Ἃ
342 489 366 538 ιι
380 491 417 542 u.
433 445 659 558 sulphureum,
675 446 954 526 &inMarcasrtas
963 445 1098 543 cujusvis
1105 449 1331 548 magnitudinis
1341 445 1426 519 abit:
1441 474 1515 520 cum
1526 441 1788 529 Marcafirauua‘

297 574 395 651 1667,
434 560 467 627 in
482 551 594 653 argilla
609 547 700 622 molli
716 541 900 646 priusquam
910 547 976 616 a'e‘ri
987 567 1186 644 exponatur,
1201 565 1396 632 occurrunt,
1410 551 1462 616 vix
1473 568 1611 642 quatuor
1624 552 1786 649 pollicum

433 650 670 745 longitudinem
681 666 867 741 exequere,
883 641 1049 726 rotunda,
1065 648 1100 713 δε
1118 638 1283 740 subnigrae.

490 732 550 821 ⁸Vl.
578 747 678 816 Hoci
704 735 772 810 sum
790 735 971 809 confirmari
987 737 1090 834 potest
1110 760 1148 808 ex
1168 740 1206 808 iis
1226 764 1297 834 quae
1320 743 1366 812 D.
1391 737 1493 838 Boyle
1515 743 1549 812 in
1562 745 1718 817 Tutum
1744 744 1788 818 de

420 840 602 920 latentibus
621 768 810 937 quibusdam
832 832 1039 931 qualitatibus
1058 831 1127 906 fuse
1149 829 1344 933 conscripse.
1378 835 1415 906 ld
1437 840 1549 934 utique
1566 847 1629 910 'am
1648 841 1692 910 est
1710 866 1788 936 per.

318 973 323 991 ι
429 940 619 1037 vulgatum,
637 931 746 1032 glebas
765 937 851 1003 nitro
870 927 928 1000 suo
947 951 1056 1002 erutae
1078 954 1201 1000 novum
1221 933 1295 1001 nitri
1314 955 1509 1029 proventum
1529 868 1681 1033 adipisci,
1704 935 1787 1013 crim

428 1042 495 1108 a'e'ri
511 1053 714 1132 exponuntur
731 1062 741 1118 3
762 1026 825 1099 hoc
839 1051 972 1125 quoque
984 1031 1018 1098 in
1034 1025 1178 1098 alumine
1198 1030 1385 1124 contingere
1407 1026 1536 1098 reflatur
1553 1032 1728 1129 Agricola3
1749 1038 1787 1106 in

426 1127 562 1203 uitriolo
575 1128 745 1212 calcinato,
756 1130 789 1194 in
805 1121 927 1195 fecibus
940 1147 1097 1221 aquarum
1113 1121 1248 1194 fortium
1263 1123 1348 1193 idem
1363 1128 1493 1193 evenit:
1514 1125 1658 1221 plerique
1676 1130 1788 1198 existi-·

427 1250 519 1299 mant
530 1230 681 1296 noviseas
691 1217 803 1294 salibus
816 1225 926 1319 imprae
950 1224 1031 1307 nari,
1043 1227 1076 1291 δι
1090 1219 1160 1315 post
1171 1219 1296 1315 aliquot
1306 1215 1427 1289 menses
1434 1243 1471 1290 ex
1484 1223 1520 1289 iis
1530 1219 1651 1293 fecibus
1663 1247 1787 1319 aquam

419 1325 601 1420 Stygiam,
621 1341 676 1416 per
692 1340 846 1391 retortam
862 1247 1008 1388 exulari.
1054 1318 1175 1409 Neque
1191 1315 1221 1384 id
1236 1337 1328 1385 vacat
1340 1315 1516 1412 expendere
1529 1341 1570 1385 an
1584 1324 1729 1413 quadam
1745 1317 1787 1392 sit

424 1421 462 1488 in
479 1423 551 1488 a’c're
564 1413 732 1488 substantia
746 1412 886 1486 volatilis
903 1423 937 1487 δι
950 1409 1065 1499 salim,
1080 1435 1150 1506 quae
1170 1407 1308 1481 aliorum
1328 1434 1502 1507 corporum
1523 1434 1670 1482 naturam
1685 1415 1786 1486 facile

423 1515 539 1586 induat
552 1572 562 1600 ,
576 1513 608 1584 id
634 1536 674 1582 ue
690 1510 828 1582 maxime
847 1508 869 1578 sr
885 1513 918 1580 in
935 1513 973 1579 iis
988 1503 1177 1608 torporibus
1191 1503 1233 1578 sal
1249 1563 1257 1585 ‚
1278 1531 1316 1578 ut
1327 1527 1465 1590 vocant,
1478 1505 1587 1576 Airali
1605 1509 1698 1577 instar
1714 1536 1787 1581 ma.

425 1614 512 1681 teriae
524 1607 618 1702 cujus
652 1634 685 1677 m
704 1611 886 1678 eommunis
898 1604 1057 1688 abundet,
1071 1626 1172 1699 quem
1182 1605 1290 1673 acidus
1306 1621 1362 1673 aut
1385 1604 1481 1687 nitri,
1503 1623 1558 1672 aut
1580 1604 1699 1675 vitrioli
1718 1603 1788 1701 spi.

426 1707 505 1776 ritus
524 1711 558 1777 in
574 1701 664 1776 suam
677 1698 837 1775 conuertit
848 1725 996 1774 naturam
1009 1733 1020 1788 3
1034 1694 1097 1769 five
1111 1697 1257 1791 quadam
1275 1696 1311 1768 su
1324 1702 1358 1766 in
1372 1700 1409 1766 iis
1423 1694 1629 1766 mineralibus
1649 1706 1693 1768 vis
1703 1724 1791 1772 ana.·

421 1797 503 1900 ‘loga
515 1797 704 1887 seminibus,
724 1799 788 1893 qul
804 1795 963 1868 beneficio
975 1798 1055 1864 a'e‘ris
1071 1789 1159 1862 suam
1182 1797 1400 1864 maturitatem
1417 1789 1641 1888 assequantur3
1658 1789 1710 1864 seu
1729 1797 1788 1866 de.

425 1900 527 1992 nique
554 1900 588 1967 in
611 1898 685 1965 a'e're
706 1893 864 1966 flridtuenr
886 1894 1035 1961 omnium
1051 1911 1132 1989 pene
1149 1888 1353 1960 mineralium
1376 1909 1512 1986 genera,
1533 1913 1603 1984 qua
1627 1912 1701 1959 cum
1725 1889 1787 1966 sibi

425 1997 571 2090 cognatis
587 1998 621 2061 δι
638 1987 790 2060 fimilibus
802 1983 1037 2060 consocientur.

475 2094 551 2162 Vll.
579 2088 687 2174 Huius
702 2083 912 2181 experimenti
923 2080 1089 2153 occasione
1102 2138 1113 2168 ,
1128 2079 1206 2154 crlm
1227 2083 1266 2153 de
1278 2081 1420 2181 lapidum
1439 2087 1645 2154 concretione
1666 2109 1786 2177 agerere

421 2204 498 2273 tur,
512 2182 601 2253 aliud
617 2178 697 2251 olim
719 2176 785 2252 ase
806 2175 930 2248 fastum
950 2174 1081 2272 subjecit
1099 2183 1378 2275 experimentum,
1403 2204 1442 2249 ac
1464 2176 1539 2247 licet
1553 2177 1623 2248 casu
1637 2163 1782 2274 quddam

424 2281 618 2364 incurrerit,
636 2272 782 2348 nonnihil
798 2294 906 2344 tamen
922 2271 1001 2347 lucis
1012 2273 1154 2386 lapidum
1168 2278 1365 2369 generationi
1372 2269 1490 2344 afferre
1500 2275 1613 2370 potest.
1626 2275 1705 2347 Salis
1714 2300 1782 2350 tar..

422 2375 583 2448 taribene
597 2378 723 2472 purgari
741 2379 774 2442 δι
788 2373 897 2440 vitreae
923 2367 1094 2439 cucurbrrae
1109 2366 1251 2464 impositi
1270 2368 1357 2438 librae
1380 2376 1435 2439 uni
1455 2371 1532 2440 duas
1551 2374 1634 2441 aceti
1650 2373 1783 2447 distilla-

420 2475 450 2543 ti
466 2471 620 2570 paulatim
633 2465 810 2564 superfudit
826 2498 836 2551 3
852 2487 923 2535 tum
936 2487 1048 2562 aptato
1060 2461 1209 2534 alembici
1233 2463 1384 2562 capitello
1405 2473 1440 2537 dc
1463 2463 1631 2562 excipulo³
1650 2468 1785 2541 distilla-

423 2568 514 2639 tione
527 2565 637 2650 fadla,
657 2562 809 2660 phlegma
830 2559 1057 2630 tantummodo
1071 2563 1153 2629 aceti
1168 2565 1252 2628 exire
1270 2555 1372 2629 uisum
1394 2562 1449 2635 esi.
1487 2565 1576 2633 Nam
1586 2557 1680 2631 salem
1692 2563 1784 2653 iltius

422 2662 594 2734 ·volatilem
608 2655 650 2729 sal
669 2661 778 2727 tartari
793 2654 872 2724 fixus
889 2677 1024 2724 retinere
1032 2652 1127 2725 soler.
1148 2653 1238 2723 Alius
1250 2651 1379 2725 subinde
1397 2662 1481 2728 aceri
1501 2655 1623 2755 spiritus
1639 2655 1691 2728 sali
1712 2683 1782 2732 tar.

423 2761 486 2827 tari
507 2756 620 2826 iridem
649 2746 769 2822 affusus
787 2751 831 2821 est
851 2805 862 2836 ,
886 2757 920 2820 dc
942 2747 1124 2835 extillarus,
1148 2749 1245 2842 idque
1265 2747 1373 2846 saepius
1399 2754 1443 2822 esi
1463 2759 1611 2824 iteratum
1631 2809 1641 2838 ,
1674 2756 1781 2829 donee

423 2848 551 2943 spiritus
565 2851 647 2923 aceri
663 2848 774 2917 eadem
788 2870 851 2942 qua
863 2867 958 2915 antea
968 2845 1117 3011 praeditus
1138 2845 1286 2916 aciditate
1297 2849 1472 3011 prodierit.
1500 2856 1533 2922 T
1535 2872 1588 2915 um
1608 2849 1784 2926 exsicunt

422 2945 467 3020 sal
482 2950 591 3017 tartari
604 2949 637 3015 in
649 2941 758 3041 spiritu
771 2946 838 3012 vini
854 2964 935 3039 puro
949 2967 965 3010 e
1006 2938 1169 3012 dissolutus
1184 2966 1193 3010 ε
1210 2965 1280 3036 quae
1319 2940 1459 3016 issolutio
1470 2944 1554 3016 sassa
1568 2967 1633 3033 non
1646 2943 1752 3019 fuisset
1765 3002 1780 3032 ,

422 3039 482 3116 nili
497 3038 539 3112 sal
556 3044 665 3111 tartari
685 3040 759 3109 antb
771 3036 873 3108 fuisset
888 3041 971 3108 aceti
982 3036 1044 3109 sale
1057 3034 1182 3107 volatili
1192 3039 1440 3135 impraegnatum
1458 3041 1541 3112 seces
1564 3034 1652 3110 subni
1679 3068 1726 3113 ras
1743 3035 1782 3120 oe

420 3139 507 3222 leves
520 3161 575 3235 per
587 3133 731 3207 chartam
742 3132 886 3205 bibulam
898 3127 927 3201 sc
951 3136 1074 3218 aravit,
1091 3131 1200 3228 liquor
1212 3130 1326 3203 rubeus
1336 3141 1484 3232 apparuit
1494 3141 1548 3233 qui
1563 3141 1627 3206 vini
1638 3067 1779 3232 (ἔσεισι)

306 3251 311 3259 ·
421 3229 527 3334 praese
541 3229 672 3305 serebat.
715 3234 784 3302 Hic
800 3232 881 3328 ignis
894 3159 1000 3300 calore
1023 3226 1183 3297 catillarus
1202 3230 1317 3298 iterum
1338 3226 1391 3303 sali
1409 3239 1518 3304 tartari
1530 3227 1647 3302 affusus
1669 3291 1680 3320 ,
1705 3257 1778 3307 tum

419 3329 558 3404 secretus
573 3325 648 3415 fuit,
661 3330 758 3428 idque
783 3347 896 3423 quater
912 3329 1084 3423 repetitum
1103 3323 1206 3392 donec
1220 3320 1263 3392 sal
1277 3331 1385 3396 tartari
1400 3328 1544 3399 colorem
1570 3352 1649 3428 pene
1663 3328 1779 3418 album

420 3428 565 3503 indueret
584 3451 593 3498 ε
609 3422 771 3525 liquorem
787 3421 960 3520 quemdam
971 3418 1138 3492 volatilem
1155 3442 1193 3488 ex
1210 3413 1273 3488 sale
1286 3427 1396 3493 tartari
1415 3421 1542 3495 efficere
1567 3449 1637 3495 rum
1658 3423 1779 3497 mulie.

420 3521 526 3604 batur.
540 3527 640 3595 Hunc
653 3546 728 3592 eum
741 3519 837 3617 dupla
849 3514 1042 3616 Stampensis
1051 3512 1187 3586 arenula
1201 3519 1348 3613 portione
1364 3516 1546 3616 permiscuit
1555 3579 1565 3609 ,
1575 3545 1614 3590 ne
1629 3524 1711 3618 ignis
1722 3547 1778 3591 ar.

420 3618 550 3690 dotibus
563 3612 647 3687 fusus
662 3616 820 3687 difflueret
835 3616 1019 3704 misturam
1032 3634 1158 3684 retortae
1169 3610 1275 3682 ferreae
1295 3619 1328 3684 de
1349 3615 1497 3685 candenti
1515 3619 1635 3713 partitis
1652 3612 1778 3690 vicibus

419 3718 465 3786 im
491 3714 572 3784 osuit
584 3767 594 3798 ,
607 3709 659 3782 sed
671 3735 841 3823 perparum
856 3708 1049 3808 phlegmatis
1062 3705 1195 3781 titillari
1212 3707 1402 3804 dedir,qudd
1414 3735 1510 3786 arena
1524 3707 1648 3809 spiritus
1661 3735 1778 3787 omnes

420 3743 510 3880 vedu
523 3812 667 3905 captivos
680 3802 867 3876 retinuisset.
879 3834 883 3841 ·
899 3808 1045 3877 Mareriae
1057 3809 1090 3875 iu
1104 3799 1245 3897 *Maiiam
1258 3828 1427 3891 concreta,
1441 3829 1480 3876 ex
1491 3833 1554 3902 qua
1571 3803 1665 3877 salem
1680 3830 1776 3901 aquae

419 3901 547 3974 fervida:
560 3897 715 3972 allusione
731 3902 846 3971 elicere
870 3898 996 3986 voluit,
1021 3902 1132 3971 decem
1151 3895 1255 3970 sermo
1270 3926 1361 3996 aqua
1388 3900 1481 3972 libras
1508 3901 1683 4000 superfudit
1702 3927 1776 3999 qure

418 3996 537 4070 filtrara
560 4021 616 4095 per
634 3997 779 4068 charram
794 3994 938 4069 bibulam
953 4019 1123 4095 perparum
1140 3996 1295 4066 acredinis
1305 3995 1426 4069 habere
1439 3995 1505 4068 uisa
1527 3999 1581 4070 est.
1621 4002 1720 4067 Hanc
1737 4022 1776 4072 ut

417 4093 566 4168 inutilem
590 4089 759 4164 vafificuli
782 4090 946 4190 &amplo
967 4090 1143 4192 imposuit:
1160 4087 1212 4161 sed
1231 4092 1281 4163 die
1301 4095 1432 4165 crastina
1458 4119 1529 4164 eam
1546 4093 1646 4162 instar
1670 4093 1776 4163 crallae

416 4189 619 4288 mucilaginis
632 4214 690 4284 coa
736 4188 835 4282 laeam
845 4193 967 4260 invenit
981 4223 991 4275 3
1007 4214 1109 4259 arena
1121 4185 1270 4276 impetita
1291 4195 1372 4288 ignis
1395 4190 1501 4262 calore
1524 4190 1625 4285 magis
1644 4184 1775 4261 densata

413 4311 455 4385 rip
480 4291 612 4371 aruit,ac
624 4215 754 4354 taudleum
766 4290 800 4354 in
814 4286 953 4384 lapidem
964 4288 1139 4358 concrevit.
1162 4289 1251 4354 Hinc
1264 4285 1456 4378 conjiciebat
1465 4283 1560 4355 salem
1573 4287 1776 4357 tartariaceri

412 4311 539 4455 volatili
553 4377 613 4450 sale
625 4379 798 4452 exaltatum
816 4404 890 4450 cum
906 4377 1016 4449 sabulo
1030 4378 1206 4478 stampensi
1225 4384 1339 4453 intime
1360 4386 1573 4475 conjundum
1593 4402 1683 4472 aquae
1713 4376 1773 4478 ipsr

413 4477 525 4580 lapidis
538 4470 729 4546 soliditatem
743 4472 927 4571 prebuisse,
945 4499 1080 4572 queque
1089 4498 1199 4546 natura
1213 4476 1368 4573 paularim
1383 4478 1525 4576 praestare
1537 4472 1616 4546 solet
1627 4500 1664 4543 ex
1675 4471 1772 4545 succo

412 4568 595 4673 lepidifico,
618 4570 648 4641 id
662 4574 768 4668 potuit
779 4596 829 4640 ars
843 4595 958 4669 magna
974 4570 1088 4643 caloris
1102 4576 1133 4641 vi
1147 4567 1285 4644 efficere.
1316 4577 1452 4673 Lapides
1465 4577 1551 4643 enim
1562 4596 1627 4640 nou
1635 4564 1743 4641 subito
1758 4625 1770 4657 ,

413 4665 464 4738 sed
478 4671 565 4740 lento
577 4666 683 4739 calore
695 4689 733 4734 ex
751 4670 845 4736 variis
861 4664 995 4737 arenula·
1010 4673 1136 4764 granis,
1149 4691 1247 4762 quam
1256 4674 1417 4740 cernimus
1429 4670 1579 4737 duritiem
1587 4672 1769 4761 acquirunt.

415 4763 533 4867 Soccus
546 4759 722 4864 lapidificus
734 4762 865 4866 qualem
879 4768 916 4866 iu
929 4767 1025 4840 variis
1041 4767 1162 4869 cryptis
1175 4762 1475 4865 experimur,sorre
1487 4788 1556 4838 non
1570 4761 1656 4838 aliud
1675 4760 1774 4862 quid«⁴
