3646 5430
296 387 642 464 rvcrnrrrra·
689 390 1180 466 antoniniani
1391 419 1446 489 219

163 505 247 583 pene
264 477 310 552 sui
325 485 473 580 ponderis
495 512 584 584 parte
603 489 731 559 attritam
744 491 889 575 invenit,
903 492 960 583 per
975 513 1021 566 40
1045 489 1110 558 dies
1124 518 1152 580 ¹3
1171 488 1278 558 uncias
1294 486 1446 571 limatura
1462 491 1550 581 Hist.

148 606 179 650 ra
194 575 410 674 consperserat
423 600 440 652 ¹:
462 582 531 678 post
548 607 696 678 quartam
708 583 869 651 decimam
888 579 1125 653 imbibitionem
1140 641 1151 671 ,
1166 606 1201 654 ut
1218 607 1346 670 vocant,
1361 587 1447 657 nulla
1461 590 1575 658 Anien.

148 676 230 774 plius
250 675 399 837 ponderis
412 675 497 747 fasta
513 680 557 748 est
571 674 718 752 accessio.
740 671 810 748 Ubi
821 683 961 773 primum
973 702 1057 773 aqua
1072 678 1196 749 imbuta
1212 675 1273 747 fuit
1287 735 1298 766 ,
1312 703 1347 748 ea
1359 681 1447 751 mul-

148 776 250 841 ninca
264 774 332 856 uit,
354 779 388 842 dc
404 772 492 842 calor
508 799 562 866 per
582 778 614 850 18
634 771 726 843 horas
747 773 872 842 duravit
893 800 902 843 ε
924 775 1006 841 intra
1027 801 1068 867 54
1092 773 1185 844 horas
1202 772 1323 843 duabus
1348 781 1449 846 unciis

148 871 222 935 ¹tior
237 863 325 935 sadis
342 866 399 936 est.
423 871 547 938 Exactis
562 898 587 960 4
601 865 710 937 diebus
730 924 741 954 ,
760 890 834 935 cum
859 890 978 961 aquam
1005 866 1144 962 amplius
1167 892 1233 938 non
1248 866 1417 940 irnbiberet
1437 927 1448 956 ,

148 961 164 1028 i
191 956 243 1030 sex
272 956 490 1033 exficcarionis
517 964 583 1034 dies
612 963 761 1032 limatura
785 984 805 1045 7
830 966 931 1030 unciis
953 965 1046 1032 aucta
1074 963 1146 1035 suit.
1177 969 1222 1034 Er
1240 987 1276 1031 ea
1303 963 1448 1035 distillata

152 1055 176 1127 li
203 1057 292 1124 uotis
305 1062 406 1126 unciae
431 1064 573 1128 exierunt
594 1052 655 1126 sale
680 1054 805 1126 volatili
818 1052 930 1141 soetae,
953 1080 1067 1147 quarta
1096 1067 1162 1148 eius
1183 1059 1315 1153 liquoris
1340 1065 1449 1153 portio

148 1081 301 1245 ulpiritu
313 1144 383 1218 salis
408 1154 500 1222 valde
517 1149 678 1222 efferbuit.
705 1149 789 1220 Illud
809 1152 855 1220 D.
882 1150 924 1218 du
955 1150 1036 1222 Clos
1055 1150 1156 1222 visum
1171 1153 1231 1223 fuit
1250 1148 1346 1221 salem
1371 1150 1449 1223 serti

148 1246 264 1318 ,aulem
283 1244 325 1315 ab
339 1269 423 1338 aqua
443 1245 620 1318 exsolutum
643 1245 746 1318 suilie.
786 1245 859 1317 Post
887 1244 1120 1317 distillationem
1144 1278 1157 1341 5
1176 1252 1275 1317 unciae
1300 1271 1374 1316 cum
1398 1241 1447 1316 se·

148 1336 195 1414 sse
211 1344 246 1409 itt
262 1341 403 1410 Retortae
423 1341 525 1413 fundo
542 1337 744 1413 resederunt:
764 1341 845 1411 adeo
867 1361 902 1410 ut
923 1363 961 1412 ex
984 1339 1049 1439 ipfi
1072 1343 1273 1414 distillatione
1300 1342 1338 1412 de
1371 1340 1449 1413 ferri

148 1436 247 1506 odere
262 1432 337 1503 nihil
357 1432 424 1507 fere
439 1434 611 1507 decesserit.

148 1531 263 1606 Paucis
281 1533 450 1622 interjediis
475 1529 584 1601 diebus
605 1533 691 1604 hunc
715 1531 859 1603 laborem
884 1532 1009 1604 iteravit
1036 1589 1048 1620 ,
1073 1554 1208 1629 tumque
1229 1532 1358 1605 scobem
1380 1531 1448 1603 fer-

148 1648 230 1723 eque
261 1622 410 1719 perfudit.
451 1633 511 1700 Per
540 1651 577 1713 14
609 1629 673 1698 dies
703 1628 769 1697 haec
794 1650 878 1723 aqua
910 1627 1065 1714 imbuta,
1100 1651 1172 1699 tum
1195 1627 1346 1700 exsiccata
1373 1683 1384 1708 ,
1409 1652 1449 1699 tx

158 1722 263 1792 unciis
281 1740 345 1789 tres
367 1746 447 1819 pene
467 1726 567 1791 unciae
591 1724 725 1819 liquoris
751 1718 814 1791 sale
831 1720 963 1792 rolatssi
989 1728 1188 1821 impregnari
1213 1724 1283 1794 sunt
1311 1723 1450 1793 exstilla-

165 1821 214 1889 Ex
224 1843 266 1886 ιο
284 1820 385 1887 unciis
404 1841 475 1911 quae
486 1812 686 1913 superfuere,
700 1817 805 1889 nullus
817 1821 898 1913 ignis
914 1821 945 1885 vi
958 1817 1063 1913 liquor
1076 1824 1210 1914 exprimi
1223 1822 1350 1916 potuit,
1368 1827 1402 1889 dt
1424 1844 1453 1910 4.Ι

148 1917 266 1985 :iamm
322 1912 419 1982 ndete
432 1917 563 1982 materia
574 1915 669 1983 audin
679 1911 761 1984 fuit:
800 1915 886 1982 aucis
910 1912 979 2006 post
1000 1911 1110 1981 diebus
1136 1912 1240 2010 plures
1269 1917 1376 1983 uncias
1402 1917 1452 1985 vi.

148 2007 185 2079 >li
203 2029 245 2076 tx
258 1935 333 2077 [εἰ
347 2008 468 2078 vitrioli
479 2014 512 2078 δι
528 2007 648 2078 duabus
659 2014 760 2079 unciis
776 1938 878 2077 hobis
892 2005 1001 2077 ferreae
1023 2014 1165 2079 concreti
1178 2010 1321 2079 ostendit·

148 2106 239 2177 v111.
263 2104 330 2171 Lac
343 2102 482 2198 denique
502 2107 691 2189 vaccinum,
704 2109 897 2201 caprinum,
922 2113 960 2177 &a
973 2099 1129 2172 asninum
1151 2101 1213 2174 fuit
1232 2101 1348 2174 usitato
1362 2129 1454 2176 more

148 2196 297 2271 lillatum.
320 2204 494 2271 Evaccino
508 2205 541 2267 ὃ(
561 2197 841 2295 caprinoliquores
864 2223 945 2294 pene
968 2221 1082 2272 omnes
1102 2222 1170 2268 non
1194 2203 1313 2296 ingrati
1335 2194 1365 2269 sa
1390 2206 1454 2273 oris

156 2293 266 2365 odoris
291 2349 303 2380 ,
331 2293 401 2391 phu
418 2294 502 2362 acidi
522 2297 555 2361 in
583 2311 721 2389 utroque
742 2301 843 2388 quam
866 2293 1025 2389 sulphurei
1047 2315 1126 2365 etat.
1152 2298 1178 2365 E
1207 2324 1228 2378 4
1253 2293 1340 2364 libris
1363 2227 1454 2366 saetis

148 2390 272 2462 :cinidt
285 2393 406 2487 caprini
418 2410 481 2457 tres
506 2385 568 2457 olei
588 2394 687 2457 unciae
734 2390 855 2458 rodiere
877 2441 888 2472 ,
907 2396 941 2458 dt
963 2409 1026 2455 una
1046 2383 1112 2454 stre
1131 2387 1284 2458 drachma
1307 2383 1376 2459 salis
1397 2385 1453 2460 firi

148 2488 241 2556 nime
253 2481 408 2560 lixivialia.
431 2487 455 2553 E
475 2482 557 2553 laste
571 2480 692 2554 afinino
710 2415 856 2580 liquores
874 2478 1000 2577 insipidi
1013 2487 1046 2553 δι
1059 2483 1189 2575 quidam
1208 2485 1324 2577 ingrati
1346 2486 1455 2554 odoris

148 2582 271 2652 odiere.

572 2909 666 2991 CA
692 2909 781 2993 PU
809 2908 848 2987 T
920 2905 997 2993 ΙΙ.

500 3136 556 3203 De
607 3118 758 3229 Historia
803 3113 1076 3205 animalium

256 3337 318 3411 Uae
329 3336 368 3406 ad
383 3332 549 3406 historiam
564 3333 763 3406 Animalium
776 3327 938 3427 speciant,
952 3352 1018 3398 non
1027 3324 1228 3424 indiligenter
1240 3325 1370 3400 fuerunt
1383 3342 1460 3423 pen·

257 3434 402 3505 tractata.
432 3428 615 3527 Elephantis
635 3431 791 3526 imprimis
814 3420 983 3519 descriptio
1001 3443 1149 3493 accurata
1170 3421 1252 3491 ledia
1268 3420 1329 3493 suit
1344 3429 1376 3492 dt
1393 3418 1456 3490 dis·

148 3531 197 3605 ll'a.
226 3531 335 3606 Plures
345 3536 411 3620 ejus
424 3549 526 3624 partes
539 3523 709 3595 delineavit
733 3528 779 3592 D.
794 3520 833 3588 de
858 3518 887 3588 la
901 3522 993 3589 Hire.
1019 3515 1083 3585 lbis
1104 3536 1258 3608 quoque,
1285 3519 1457 3600 Ciconiae,

148 3625 264 3701 uamost
280 3622 389 3692 lacerti
402 3619 625 3715 descriptiones
638 3621 841 3698 examinate,
862 3605 969 3774 fipurae
981 3606 1166 3678 animalium
1179 3612 1233 3676 aeri
1242 3607 1355 3679 incisae.

155 3721 220 3794 lbis
230 3720 301 3792 alba
312 3741 350 3786 ex
360 3724 502 3814 AEgypto
518 3713 612 3784 allata
625 3714 769 3788 Ciconiae
782 3713 815 3777 in
829 3730 884 3776 mu
896 3709 936 3775 tis
946 3704 989 3772 est
1003 3697 1196 3787 consmilis,
1212 3697 1263 3772 sed
1278 3702 1376 3801 paulo
1396 3705 1460 3770 mi.

148 3844 172 3890 rr
181 3851 194 3906 3
203 3836 336 3911 utraque
347 3813 440 3882 rostri
459 3833 547 3907 parte
561 3805 706 3880 deorsum
725 3803 838 3877 inflexa
852 3807 906 3888 ,in
919 3798 974 3868 illa
989 3792 1109 3869 collum
1123 3794 1243 3892 ubique
1257 3821 1357 3884 teres,
1384 3820 1459 3868 cum

161 3914 296 3986 Ciconia
312 3907 447 3976 rostrum
463 3907 584 3974 testum
599 3901 636 3975 stt
649 3911 681 3977 δι
695 3925 850 3985 acutum,
875 3894 996 3966 collum
1023 3913 1111 3990 parte
1130 3886 1177 3962 sui
1193 3890 1344 3964 inferiore
1362 3893 1460 3992 longe

148 4005 241 4079 rffius
251 3999 496 4102 &longioribus
511 3999 626 4095 plumis
640 3999 826 4069 instrudlum
840 4051 850 4081 ,
865 4015 899 4062 ut
921 3990 985 4062 alia
998 3994 1125 4060 mittam
1138 3985 1300 4083 utriusque
1318 3994 1384 4060 avis
1397 3986 1462 4058 dis-

148 4108 246 4175 imina
260 4128 269 4172 ς
281 4107 314 4173 &
328 4097 458 4191 quidem
471 4092 572 4164 ambae
589 4093 680 4164 rostri
690 4098 758 4164 acie
769 4086 926 4187 serpentes
937 4106 1072 4170 necant,
1094 4077 1145 4152 sed
1159 4080 1327 4156 verisimile
1339 4085 1383 4156 est
1399 4087 1460 4156 Ci-

148 4205 240 4272 niam
257 4199 357 4284 mauis
372 4196 419 4261 uti
433 4192 523 4260 rostri
538 4187 675 4288 cuspide,
689 4212 788 4284 quarn
800 4183 936 4254 laterum
946 4185 1026 4253 acie.

155 4300 241 4393 Qae
257 4292 295 4362 de
311 4273 371 4360 ‘rbi
394 4289 488 4356 docet
517 4289 634 4356 Cicero
658 4284 715 4357 lib.
733 4311 758 4357 r.
785 4282 824 4349 de
844 4278 958 4349 natutd
976 4281 1155 4364 Deorum,
1181 4299 1256 4346 vera
1277 4271 1338 4346 eise
1360 4298 1459 4373 expe.

148 4396 222 4463 ntia
243 4383 309 4484 ipsa
328 4383 565 4479 comprobavit.
588 4384 661 4476 Qu
671 4378 738 4470 fit,
751 4378 855 4471 inquit
869 4431 879 4460 ,
892 4389 992 4440 utmc
1004 4375 1102 4465 morfir
1122 4373 1207 4441 uiue
1226 4387 1382 4451 noceant,
1404 4392 1460 4438 nec

148 4507 197 4552 rre
209 4499 346 4556 mortua.
376 4483 468 4551 Nam
484 4503 559 4550 caro
571 4473 635 4574 ipsa
654 4485 685 4548 dt
710 4471 826 4544 viscera
841 4468 910 4567 post
924 4470 1106 4565 quindecim
1121 4469 1228 4540 dies&
1243 4460 1408 4566 ampliusl
1445 4504 1459 4519 ·

148 4608 183 4653 m
194 4573 355 4676 spirabant
366 4573 514 4645 odorem.
547 4570 704 4643 Carnibus
717 4566 896 4666 serpentum
913 4562 1046 4635 vescitur
1060 4588 1139 4659 quas
1150 4559 1285 4633 salubres
1308 4562 1369 4631 effe
1387 4559 1460 4633 satis

149 4672 278 4746 rifimile
292 4674 430 4754 videtur,
444 4654 584 4765 ingluvie
596 4665 663 4736 haec
681 4663 807 4735 carebat
821 4685 831 4742 3
848 4655 900 4735 sed
912 4682 1021 4737 tamen
1031 4656 1223 4735 ventriculus
1235 4652 1365 4728 solidior
1381 4678 1461 4758 erat,

148 4797 178 4849 re
194 4793 231 4846 ut
242 4774 276 4846 iu
288 4765 403 4844 avibus
417 4789 487 4864 quae
501 4787 538 4837 ex
551 4765 654 4862 grauis
666 4765 793 4837 vivunt.
1194 4850 1220 4922 E
1283 4847 1302 4868 ..

151 4863 157 4872 ⁶
1228 4867 1246 4919 e
1280 4870 1303 4941 tp
