3646 5430
415 371 455 438 14
736 340 931 410 atara
977 330 1438 405 terentianum

284 441 348 513 Art
359 447 397 513 ie.
412 439 567 509 limaturae
580 435 656 508 ferri
667 456 805 531 quatuor
820 491 831 520 ,
852 429 1055 504 tantumdem
1070 431 1298 526 auripigmenti
1310 427 1475 499 crucibulo
1487 424 1543 500 seu
1553 433 1663 501 catino
1673 427 1774 503 fictili

282 548 375 628 1667.
410 530 565 626 imposuit
576 570 586 624 ς
599 534 675 602 duas
689 534 800 601 tartari
811 534 845 600 in
858 526 1023 628 pulverem
1046 525 1164 595 redasti
1179 527 1287 594 uncias
1304 519 1503 620 superfudit,
1516 524 1582 596 alio
1600 527 1776 598 crucibulo

207 638 210 645 ’
409 640 444 705 &
464 627 590 701 inverso
613 633 697 726 prius
708 629 859 724 operuit,
874 619 1121 722 ptrostoltotas
1134 625 1167 690 in
1180 618 1312 689 furnulo
1323 644 1422 716 quem
1442 626 1693 692 caemrntationis
1705 648 1772 691 vo·

408 749 483 800 cant
493 784 503 811 ,
514 727 612 798 audio
623 749 678 816 per
688 721 804 818 gradus
819 726 907 819 igne,
918 741 1073 790 cattarum
1083 716 1134 788 die
1143 715 1277 786 crastina
1290 720 1418 813 nigrum
1428 725 1461 790 bc
1474 718 1776 817 calcinatumappa·

406 829 483 896 ruit.
498 828 546 892 Eo
558 818 685 891 sublato
698 819 764 889 haec
781 819 947 888 minetalia
960 836 1099 910 quatuor
1123 815 1225 882 unciis
1237 815 1385 909 graviora
1397 837 1521 910 reperta
1534 809 1625 885 sunt:
1641 815 1721 884 a'deo
1735 837 1776 888 ut

408 924 476 990 auti
501 922 681 1014 igmentum
702 914 790 1012 quoi
807 917 892 1010 ignis
906 912 1013 983 calore
1037 911 1178 1008 pondere
1196 911 1298 978 minui
1317 901 1426 995 solet,
1450 911 1560 979 tattati
1586 934 1648 1006 ope
1670 906 1773 983 fixum

407 945 560 1100 enaiim,
574 1021 607 1085 dc
622 1036 676 1111 per
692 1034 757 1084 tres
764 1008 850 1081 horat
862 1009 1051 1108 quadrantm
1065 1010 1135 1104 igni
1148 1005 1322 1077 admotum
1331 1059 1345 1092 „
1361 1008 1476 1100 quinta
1488 1003 1555 1075 fere
1566 1003 1617 1076 sui
1622 1008 1775 1105 ponderis

407 1132 501 1208 parte
523 1113 707 1184 increverit.
1336 1199 1339 1205 Ι

456 1209 537 1276 Hoc
560 1205 710 1304 ponderis
733 1230 752 1276 a
797 1225 944 1277 mentum
963 1220 1122 1271 novatum
1143 1199 1284 1296 partium
1296 1195 1458 1268 additione
1466 1218 1545 1291 quas
1558 1198 1611 1268 a‘t‘r
1627 1198 1680 1269 vel
1691 1200 1778 1296 ignis

407 1298 599 1398 suppeditat,
612 1296 680 1372 fieri
690 1327 784 1373 nona
810 1303 947 1373 nuetim.
970 1302 1062 1371 Nam
1072 1294 1181 1366 calori
1206 1296 1385 1362 nisnovum
1402 1288 1778 1364 a'c‘taad'secontincntet

407 1394 520 1469 trahit.
543 1398 756 1494 Hinctegulo
767 1393 1033 1480 antimonii,dum
1046 1392 1139 1463 radiis
1149 1316 1300 1459 solaribus
1312 1383 1778 1485 inflammabatur,corpuscula

409 1486 525 1565 fibrosa
534 1500 568 1563 &
582 1496 699 1563 cinerei
711 1485 1046 1564 colorisadbaetescere
1056 1482 1121 1557 visa
1135 1485 1229 1571 sunt,
1275 1507 1320 1553 uae
1334 1478 1501 1582 sulphurea
1511 1476 1571 1551 else
1585 1482 1661 1552 hinc
1678 1485 1776 1555 colli.

407 1588 514 1684 gitur,
558 1587 623 1657 ubd
639 1582 763 1687 spiritus
779 1592 846 1659 vini
856 1588 1041 1657 antimonio
1051 1583 1212 1655 calcinato
1229 1510 1369 1666 adustas,
1383 1579 1456 1678 poll
1465 1576 1607 1673 aliquam
1624 1579 1780 1674 digestio·

408 1704 498 1768 nem,
507 1613 642 1752 uibrant
655 1687 828 1756 tinclutam
840 1708 880 1754 ex
893 1707 937 1753 eo
947 1683 1108 1779 decerpat,
1118 1701 1263 1773 cumque
1271 1678 1488 1746 antimooium
1509 1696 1672 1744 remancat
1689 1671 1780 1770 ejusq

411 1774 485 1846 dem
523 1773 627 1848 torsus
642 1780 813 1877 ponderis,
830 1802 928 1870 atque
938 1797 1008 1846 erar
1020 1798 1095 1843 ante
1112 1773 1375 1844 calcinationem.

464 1804 548 1943 Iliitd
560 1895 695 1969 quoque
706 1874 751 1943 cst
773 1869 959 1944 verissimile
979 1865 1186 1940 minetalibus
1199 1863 1374 1961 sulphureis
1382 1876 1492 1959 majus
1503 1865 1628 1963 pondus
1640 1869 1779 1942 accede:

409 1966 533 2054 tc,ubi
556 1973 589 2039 in
614 1968 739 2039 calcem
754 1968 820 2038 redi
844 1988 956 2039 untur.
989 1966 1044 2035 Sic
1059 1966 1207 2035 stannum
1229 1959 1338 2031 multo
1350 1956 1497 2058 sulphure
1517 1958 1659 2033 abundat
1675 1989 1684 2032 ε
1698 1990 1780 2039 nant

411 2086 476 2133 una
502 2087 579 2134 cum
608 2056 769 2159 salepetrae
791 1992 946 2133 fulminat
970 2118 984 2149 ‚
1005 2060 1103 2157 idque
1121 2056 1314 2134 calcinatum
1339 2054 1376 2128 fit
1395 2058 1500 2133 multo
1525 2062 1652 2153 gravius
1677 2085 1778 2150 quam

411 2179 517 2237 antea.
550 2159 669 2229 Eadem
686 2159 730 2227 cst
748 2154 872 2243 plumbi
897 2160 980 2227 ratio
994 2156 1085 2252 quod
1105 2160 1138 2225 in
1160 2152 1240 2226 solia
1254 2151 1435 2225 tenuiffima
1456 2155 1623 2224 diductum
1647 2155 1777 2228 iniiam.

412 2276 534 2326 matut.
554 2258 621 2350 Qi
634 2250 707 2325 vasa
723 2250 834 2323 fictilia
845 2262 879 2326 dt
891 2251 1021 2322 canrfida
1041 2248 1241 2337 conficiunt,
1255 2249 1353 2321 iidem
1368 2250 1545 2335 testantur,
1569 2273 1631 2322 roo
1645 2251 1772 2349 plumbi

411 2344 557 2434 libras,&
571 2379 610 2445 50
627 2349 726 2420 stanni
738 2371 799 2418 una
814 2345 874 2417 fust
891 2347 960 2447 post
973 2346 1222 2419 calcinationem
1236 2375 1270 2420 rt
1281 2339 1392 2424 saltem
1417 2344 1506 2416 libris
1521 2351 1683 2444 graviores
1695 2344 1780 2420 fieri.

412 2445 504 2542 Qin
526 2453 561 2518 δι
582 2445 693 2517 lateres
707 2441 766 2542 ipsi
781 2445 931 2513 codlionc
943 2439 1025 2513 siunt
1037 2446 1212 2540 graviores.
1239 2447 1321 2514 Haec
1335 2461 1445 2511 tamen
1457 2447 1581 2512 acriore
1593 2465 1687 2539 egent
1699 2467 1778 2513 exa-

412 2563 513 2628 mine,
523 2540 738 2639 nurnpondus
751 2537 798 2609 bis
811 2535 1017 2609 minctalibus
1029 2538 1157 2610 accedat
1171 2535 1281 2610 *evase
1293 2530 1363 2632 ipso
1373 2534 1479 2606 ferreo
1488 2560 1544 2608 aut
1553 2536 1780 2634 cupreo,quod

412 2634 529 2726 adjecti
540 2631 618 2707 sales
630 2636 781 2707 exedunt.
805 2637 895 2706 Nam
915 2638 962 2704 D.
978 2630 1140 2704 Bouleduc
1160 2656 1262 2730 nuper
1275 2636 1309 2701 in
1324 2633 1498 2702 Academia
1517 2633 1644 2702 testatus
1658 2634 1702 2702 est
1713 2657 1775 2702 an-

412 2733 592 2805 timonium
601 2730 736 2800 crudum
747 2732 780 2799 in
796 2727 866 2797 vase
879 2723 969 2798 fictili
983 2729 1176 2799 calcinatum
1187 2725 1331 2826 pondere
1342 2728 1551 2799 imminutum
1563 2723 1670 2801 fuisse.
1699 2733 1777 2824 Q

414 2823 456 2894 de
468 2849 503 2895 rc
516 2823 597 2895 alius
612 2819 739 2894 fortalsc
755 2845 903 2894 occurret
916 2823 1040 2895 dicendi
1056 2821 1160 2898 locus.

462 2924 521 2994 lv.
550 2921 757 2991 Eruditorum
772 2917 885 3020 scripta
896 2943 968 3018 quae
984 2917 1102 3020 publici
1114 2925 1192 3016 juris
1205 2917 1297 3004 fiunt,
1313 2948 1449 3021 quaque
1461 2921 1689 3021 promovendae
1701 2919 1779 2993 huic

415 3011 724 3105 scientiaeserviuot,
737 3016 792 3089 dili
817 3019 1258 3115 entiusetponere,quaeque
1278 3015 1360 3091 fiunt
1381 3023 1598 3115 experimenta
1614 3020 1777 3088 interdum

415 3134 586 3209 repetere,
609 3112 705 3208 idque
722 3118 756 3185 in
770 3041 861 3184 rebus
882 3111 1050 3211 Chymicis
1063 3137 1130 3184 non
1142 3111 1254 3184 inutile
1277 3109 1350 3185 fore
1375 3117 1550 3211 judicatum
1565 3112 1636 3184 suit·
1674 3112 1778 3186 Nulla

394 3238 397 3243 >
415 3211 505 3278 enim
518 3232 570 3278 ars
581 3209 625 3279 est
637 3213 729 3281 novis
744 3212 880 3280 inventis
894 3206 1052 3292 feracior,
1066 3209 1247 3279 dummodo
1260 3210 1281 3280 d
1295 3216 1377 3282 vetis
1395 3213 1547 3281 tractetur
1560 3205 1778 3308 Philosophia,

415 3303 736 3399 quemadmodumin
747 3304 867 3394 Gallia,
877 3305 970 3377 ltalia
979 3359 992 3393 ,
1006 3303 1125 3403 Anglia
1138 3360 1150 3393 ,
1165 3303 1281 3404 Belgio
1293 3360 1307 3393 ,
1318 3308 1511 3391 Germania,
1543 3309 1649 3378 Dania
1667 3315 1735 3402 jam
1756 3304 1778 3378 d

417 3397 531 3489 mrdtis
547 3404 641 3471 annis
652 3396 720 3472 fieri
736 3405 899 3475 novimus.

469 3497 560 3567 Cum
578 3499 686 3596 paucis
695 3521 770 3570 anre
784 3492 943 3569 mensibus
957 3497 1103 3570 eruditus:
1110 3498 1259 3571 Medicus
1281 3505 1327 3572 D.
1343 3502 1467 3585 Girre,
1491 3506 1524 3572 δι
1546 3503 1580 3569 in
1596 3521 1664 3571 arte
1680 3498 1779 3598 chy:

418 3596 505 3664 mica
517 3590 662 3664 vcrsbtus
674 3590 794 3666 librum
815 3590 969 3691 vulgallet
985 3595 1025 3666 de
1036 3599 1130 3691 aquis
1141 3592 1346 3673 mineralibus
1363 3618 1434 3692 quat
1448 3597 1581 3668 Prorini
1595 3622 1628 3668 v.
1641 3599 1780 3667 Prooim

418 3693 639 3785 reperiuntur,
662 3685 722 3759 eas
739 3715 778 3762 uc
787 3689 972 3763 alumine&
986 3688 1062 3762 ferti
1073 3702 1157 3763 vena
1170 3695 1393 3790 impraegnatas
1410 3714 1560 3789 putaret,
1585 3689 1779 3764 dissertatio-

418 3805 546 3851 nemea
564 3784 603 3854 de
616 3808 649 3854 re
660 3716 846 3883 conictipsrt
871 3787 918 3857 D.
936 3786 980 3856 du
999 3785 1098 3873 Clos,
1119 3790 1154 3856 in
1166 3810 1231 3880 qua
1243 3785 1323 3856 illud
1336 3786 1533 3858 concedebat
1548 3789 1687 3873 Autori,
1708 3811 1779 3860 non

418 3898 658 3965 atramentum,
673 3874 728 3946 seu
743 3876 935 3967 vittiolurn,
953 3905 1020 3952 non
1034 3879 1154 3952 fetrum
1168 3879 1275 3978 ipsum
1297 3940 1309 3970 ,
1335 3878 1387 3952 sed
1400 3906 1516 3953 renam
1542 3880 1618 3955 ferti
1642 3883 1779 3955 mollio·

420 3994 510 4058 rem,
530 3969 649 4042 serrem
667 3977 811 4066 primum
823 3970 899 4045 fetri
919 4031 936 4063 ,
947 3999 983 4047 ut
999 3973 1177 4072 loquuntur
1192 3976 1372 4076 benaici,
1393 4001 1464 4049 earn
1482 3981 1666 4052 aciditatem
1687 3982 1781 4076 aquis

412 4066 610 4165 ferrugineis
622 4072 805 4165 impartiti:
828 4066 881 4140 sed
900 4071 1038 4172 negabat
1056 4068 1182 4170 prorsus
1194 4079 1277 4145 cain
1290 4098 1346 4162 te,
1365 4077 1638 4172 quemadmodum
1655 4076 1779 4151 D.Gi-

421 4188 478 4234 vre
490 4161 688 4236 existimabat
698 4220 709 4253 ,
719 4165 799 4236 ullas
811 4161 872 4238 eise
885 4166 1038 4241 aluminis
1047 4190 1150 4268 partes
1165 4197 1175 4242 ε
1195 4195 1262 4241 non
1281 4176 1368 4242 enim
1383 4171 1513 4244 alumen
1526 4178 1560 4243 in
1575 4178 1611 4244 iis
1625 4178 1715 4269 aquis
1728 4167 1779 4243 ul·

413 4256 490 4348 ,lum
506 4262 699 4348 invenitur,
721 4285 825 4359 neque
845 4264 877 4333 id
893 4268 985 4431 pullu
1003 4289 1057 4338 aut
1071 4265 1141 4336 ullo
1154 4263 1226 4338 satis
1248 4268 1370 4338 idoneo
1390 4291 1584 4366 argumento
1603 4266 1634 4340 se
1659 4271 1783 4368 prodit.

422 4353 555 4426 Vitrioli
579 4358 711 4428 aciditas
733 4383 877 4457 pungens
914 4364 1000 4461 ongc
1023 4359 1145 4434 diversa
1170 4365 1214 4434 est
1234 4363 1277 4436 ab
1294 4365 1443 4436 aciditate
1469 4391 1542 4462 quat
1565 4372 1598 4437 in
1626 4367 1783 4532 Spadanis

425 4459 460 4522 ἀ
476 4450 545 4522 aliis
557 4457 650 4548 aquis
670 4457 869 4552 percipitur,
886 4459 1016 4553 qualem
1040 4461 1076 4530 in
1101 4483 1182 4530 vena
1198 4459 1277 4533 ferti
1296 4462 1451 4557 quamdiu
1469 4469 1502 4533 in
1521 4465 1651 4534 tetrade
1666 4457 1781 4551 itescit,

426 4545 724 4620 observaritdutor
744 4547 900 4629 laudatus.
929 4556 1074 4627 Eundem
1088 4560 1175 4627 enim
1191 4561 1225 4627 in
1246 4555 1295 4627 bis
1315 4563 1406 4652 aquia
1423 4555 1569 4671 saporem
1588 4554 1683 4629 inesse
1706 4563 1783 4646 ait,

494 4672 526 4716 m
545 4645 579 4714 in
592 4651 684 4742 aquis
697 4641 888 4731 fabrorum,
904 4647 959 4720 ubi
974 4647 1096 4721 serrum
1112 4655 1290 4725 extinctum
1311 4653 1358 4724 est
1372 4673 1573 4752 ,experimur
1589 4689 1599 4743 3
1612 4679 1651 4723 ac
1670 4653 1784 4724 diver-

429 4667 527 4810 Ἐρῶ
549 4739 653 4839 glebis
672 4744 779 4821 varios
805 4743 963 4823 coctionis
974 4747 1090 4846 gradus
1101 4750 1446 4847 animadvertit,scum
1464 4747 1544 4826 alibi
1563 4747 1681 4843 flava,
1701 4747 1781 4822 alibi
