3646 5430
293 397 356 466 ¹²4
608 363 805 434 REGIAE
857 350 1309 430 SCIENTIARUM

159 483 225 551 A„
237 507 261 552 μ
290 467 410 565 generis
424 486 499 534 eum
513 451 604 529 fuisse
616 478 830 556 procreatum.
865 453 991 522 indicio
1003 450 1082 520 iliud
1095 452 1157 522 effe
1189 451 1269 520 otest
1284 446 1373 542 qubd
1384 468 1487 543 partes
1498 465 1639 546 genem

160 536 274 658 rm·
291 565 372 634 rinni
385 559 542 629 destinatae
559 553 633 625 huic
646 547 748 622 deesse
762 550 977 618 vidererentut
989 601 1000 631 ,
1012 568 1073 615 nec
1086 543 1156 617 vasa
1166 478 1352 641 spermatica
1369 545 1473 641 detegi
1490 570 1638 642 unquam

157 680 191 746 ἃ
205 701 252 765 73,
293 659 455 756 potuerint
484 687 494 740 ς
521 647 588 720 sors
607 649 651 717 est
677 670 712 717 ut
732 644 753 715 d
775 646 892 716 Turcis
908 639 1048 711 alesius
1069 640 1193 714 fuerit:
1221 665 1295 709 nam
1317 644 1442 736 pinguis
1459 642 1639 715 admodum

289 775 377 838 erar,
399 751 486 845 quod
499 754 531 817 in
540 739 669 815 exsectis
684 735 898 813 animantibus
910 733 966 806 usu
978 741 1077 811 venit.
1112 740 1175 808 Sed
1187 733 1273 805 nulla
1290 759 1397 806 tamen
1412 739 1446 804 in
1462 734 1639 810 abdomine

288 851 417 917 cicatrix
435 840 498 914 visa
511 841 580 925 esl,
599 846 632 910 δι
646 830 717 907 vasa
731 830 796 932 ipsa
808 834 994 931 spermatica
1014 855 1080 900 non
1096 839 1218 927 penitus
1227 827 1432 900 evanuissent.
1477 837 1561 929 Qae
1583 858 1638 904 or·

286 966 367 1036 gana
389 944 421 1008 in
435 936 528 1006 mulis
542 929 843 1003 nondesuntradeo
869 949 904 996 ut
929 923 1021 996 causa
1045 927 1190 1022 quadam
1217 923 1313 997 suerit
1332 923 1490 998 occultior
1516 952 1575 998 cur
1591 952 1637 1001 ez

287 1058 392 1131 partes
403 1034 477 1103 huic
488 1028 618 1102 animali
630 1051 696 1095 non
705 1020 854 1096 adellent.

247 1174 257 1186 .
336 1135 467 1200 Humor
480 1120 617 1221 aquosus
630 1126 664 1192 in
675 1118 772 1189 oculo
782 1116 972 1188 fluiditatem
988 1114 1077 1187 suam
1095 1142 1163 1189 non
1184 1114 1286 1187 amifit
1308 1144 1317 1188 :
1340 1115 1464 1190 mmusr
1477 1116 1636 1216 crystalli·

286 1248 346 1295 nus
357 1233 390 1296 dc
403 1228 520 1292 vitreus
532 1225 565 1289 in
581 1217 692 1287 duram
712 1213 850 1310 glaciem
865 1216 1008 1282 concreti
1020 1212 1213 1286 viderentur.
1242 1216 1349 1307 Atque
1361 1210 1438 1283 hinc
1460 1214 1536 1284 licet
1554 1239 1637 1285 con·

285 1324 380 1412 jicere
396 1322 491 1414 aquei
505 1316 649 1385 humoris
661 1305 860 1404 spiriruosam
875 1308 975 1471 magis
991 1304 1052 1376 esst
1072 1305 1300 1393 substantiam,
1323 1331 1393 1400 quae
1420 1305 1542 1407 frigore
1570 1335 1637 1381 non

287 1411 460 1485 concrescit
482 1439 490 1482 ι
517 1417 562 1481 ita
586 1430 621 1478 ut
643 1401 723 1477 nihil
742 1427 780 1473 err
791 1426 878 1499 aqua
893 1407 924 1471 n'
976 1399 1165 1476 fluiditatem
1182 1414 1217 1478 δι
1243 1397 1500 1501 perspicuitatem
1518 1404 1638 1477 habere

286 1510 441 1580 videatur.

347 1602 441 1676 Aliud
462 1600 624 1698 quoddam
644 1594 763 1666 animal
779 1594 973 1668 alnonnullis
991 1599 1099 1696 Lupus
1118 1595 1409 1667 cervariusdrctum
1423 1594 1533 1691 ,quod
1548 1600 1635 1693 Lupi

286 1696 427 1769 sormam
446 1706 479 1770 δι
494 1700 578 1766 cervi
592 1693 737 1764 colorem
755 1690 895 1781 referat,
927 1691 1034 1763 cultro
1061 1686 1239 1778 subiesium
1258 1693 1303 1762 cst
1324 1725 1334 1779 ;
1357 1692 1453 1786 idque
1486 1715 1637 1762 veterum

286 1795 431 1888 lyncem
448 1794 548 1887 magis
567 1782 734 1861 referebat.
770 1789 871 1884 Qtod
905 1791 992 1857 enim
1007 1783 1067 1858 -ab
1100 1783 1227 1855 AEliano
1248 1790 1281 1856 in
1307 1791 1416 1882 Lynce
1439 1808 1633 1857 annotatum

284 1885 368 1972 fuit,
387 1884 505 1959 serrum
519 1881 684 1979 quoddam
699 1886 733 1951 in
746 1880 891 1981 suprema
909 1886 1033 1952 aurium
1051 1903 1139 1977 parte
1153 1882 1376 1977 prominulum
1397 1935 1408 1965 ,
1436 1877 1549 1951 hocin
1563 1875 1633 1950 nos·

286 2005 338 2053 tro
356 1984 616 2079 Lupo-cervario
636 1975 699 2050 suit
725 1973 945 2074 conspicuum.
977 1977 1077 2074 Qud
1099 1975 1139 2044 de
1155 1976 1241 2046 vistis
1261 1982 1329 2047 acie
1343 1973 1444 2071 vulgo
1468 1974 1631 2063 referunt,

286 2101 353 2146 non
368 2075 439 2146 satis
454 2075 554 2168 liquet
568 2131 579 2160 ,
593 2096 702 2142 utrum
715 2069 801 2157 fera,
815 2095 856 2140 an
868 2069 994 2143 homini
1006 2077 1050 2142 ita
1060 2068 1223 2167 appellato
1240 2074 1271 2141 id
1286 2076 1467 2142 conveniat.

335 2170 435 2336 Qsod
459 2173 625 2238 interiores
640 2187 744 2265 partes
757 2161 878 2262 sperstat
900 2221 911 2252 ,
937 2165 1092 2265 epiploon
1112 2161 1198 2257 quast
1218 2188 1385 2237 contextus
1406 2162 1630 2240 funiculorum

284 2265 380 2365 adipo
395 2289 489 2335 orum
518 2261 690 2335 retisormis
716 2258 890 2359 apparebat
908 2295 918 2351 ς
938 2261 1104 2356 interjesla
1119 2258 1302 2331 membrana
1324 2266 1499 2334 innumeris
1510 2259 1631 2361 pertuli

285 2359 490 2430 foraminulis
504 2358 672 2431 videbatur
687 2392 697 2447 ;
721 2352 841 2452 adiposi
854 2354 990 2427 funiculi
1003 2352 1075 2424 vasa
1088 2360 1210 2425 omenti
1226 2355 1386 2454 tegebant.

332 2462 392 2528 111.
424 2452 491 2525 Sub
507 2454 592 2523 idem
606 2448 672 2523 fere
687 2474 814 2548 tempus
829 2449 1001 2546 Alopecias
1015 2445 1066 2520 seu
1076 2449 1188 2546 vulpes
1204 2457 1324 2520 marina
1344 2449 1441 2522 allata
1455 2453 1501 2523 est
1521 2509 1534 2539 ,
1554 2447 1627 2523 lon.

285 2554 378 2647 giore
389 2551 487 2619 cauda
501 2549 664 2634 inslrusta,
676 2571 748 2643 quae
761 2569 877 2643 corpus
895 2542 998 2640 ipsum
1011 2545 1209 2640 longitudine
1229 2543 1396 2641 aequabat,
1413 2556 1443 2615 &
1458 2544 1627 2631 instarfal-

286 2651 332 2715 cis
350 2668 418 2715 erat
432 2641 570 2731 inflexa:
610 2663 691 2712 artes
704 2649 771 2735 ejus
783 2638 911 2735 fingulae
932 2640 1101 2737 diligenter
1122 2635 1278 2734 inspcsbae.
1301 2645 1340 2711 1n
1359 2643 1542 2714 ventriculo
1559 2641 1626 2714 lter·

285 2735 326 2809 ba
343 2744 464 2809 marina
488 2749 520 2809 δι
537 2670 628 2834 pisis
640 2729 759 2830 absque
775 2741 903 2832 capite,
925 2733 1055 2831 pelle&
1075 2730 1244 2806 visceribus
1267 2739 1419 2808 inventa:
1446 2737 1628 2809 duodenum

282 2831 461 2931 excipiebat
471 2833 556 2904 aliud
570 2829 753 2904 intestinum
762 2826 909 2927 amplum
924 2837 957 2902 bt
967 2825 1202 2926 sesquipedale‚
1227 2839 1315 2920 cujus
1327 2830 1556 2903 strucrunerar
1566 2827 1626 2901 fin·

310 2928 429 3014 ularis,
455 2954 521 2998 non
543 2930 630 2998 enim
654 2946 691 2996 ut
708 2918 812 2998 solent
827 2924 974 2996 intestina
990 2978 1002 3011 ,
1019 2930 1052 2992 in
1073 2927 1177 2995 varios
1196 2949 1294 3022 gyros
1314 2948 1381 2997 erar
1403 2923 1627 3012 convolutum,

284 2953 335 3093 led
350 3027 470 3094 cavitas
493 3023 577 3093 illius
590 3025 682 3090 variis
705 3018 932 3092 membranulis
955 3012 1153 3089 transversim
1169 3024 1202 3090 in
1219 3021 1352 3090 modum
1366 3020 1505 3092 cochleae
1521 3016 1626 3116 dispo·

282 3117 345 3189 fitis
354 3116 498 3189 intercisa
511 3175 521 3205 ‚
536 3141 570 3188 ut
579 3110 689 3187 succus
700 3113 906 3185 alimentitius
917 3119 953 3188 in
965 3117 1002 3183 iis
1016 3111 1102 3183 velut
1117 3112 1239 3184 cellulis
1248 3112 1366 3187 diutirls
1381 3113 1525 3190 haerertt.

334 3221 393 3286 lv.
421 3217 603 3307 Sequuntur
620 3213 686 3282 duo
702 3208 850 3280 animalia
864 3213 966 3304 magis
975 3229 1053 3278 nota
1067 3264 1078 3294 ,
1092 3203 1181 3279 Fiber
1194 3204 1246 3278 seu
1261 3211 1377 3282 Castor
1394 3206 1628 3287 Canadenfis&

282 3311 409 3394 Lutra,
431 3305 529 3377 ambo
543 3331 581 3375 ex
604 3301 856 3403 Amphibiorum
870 3327 1006 3399 genere,
1027 3299 1134 3396 forma
1158 3312 1191 3376 δι
1213 3304 1366 3375 structura
1379 3302 1531 3381 diffimili.
1559 3308 1626 3379 ca·

281 3403 346 3471 stor
361 3408 417 3499 qui
432 3427 537 3473 ramos
555 3400 709 3472 arborum
734 3392 879 3495 dentibus
891 3393 998 3487 secat,
1024 3397 1131 3469 dentes
1146 3397 1240 3469 habet
1263 3397 1411 3471 incisivos
1431 3409 1626 3498 quatuorita

281 3494 467 3592 dispositos,
491 3523 526 3568 ut
540 3496 713 3598 superiores
726 3517 793 3564 non
806 3494 838 3561 in
861 3491 1019 3564 chrestum
1033 3490 1236 3566 inferioribus
1250 3519 1454 3591 opponantur
1468 3552 1479 3582 ,
1494 3492 1550 3568 sed
1573 3502 1626 3569 in·

280 3596 411 3664 seriores
422 3591 539 3665 horum
581 3616 660 3664 artes
676 3585 831 3664 subeant:
853 3584 896 3656 stc
910 3591 997 3658 enim
1011 3584 1249 3684 &persecandis
1261 3588 1448 3686 corporibus
1469 3587 1544 3662 sunt
1567 3618 1625 3691 ap*-

281 3691 389 3760 tiores.
429 3689 526 3760 Pedes
547 3619 618 3760 ssim
633 3692 778 3783 quinque
797 3687 829 3756 di
854 3685 904 3753 iris
917 3682 1058 3754 instructi
1077 3717 1086 3770 3
1110 3683 1296 3778 posteriores
1309 3682 1496 3754 membrana
1515 3686 1626 3761 fertur

280 3783 314 3849 in
334 3777 493 3855 anseribus
514 3786 635 3865 nesbit,
653 3785 720 3874 qui>
741 3708 871 3849 facilils
884 3798 992 3851 natare
1011 3775 1105 3877 possit
1121 3812 1131 3865 3
1148 3775 1359 3847 anterioribus
1372 3800 1408 3848 ut
1423 3779 1627 3855 manibusad

282 3897 358 3940 com
383 3874 618 3947 rehendendum
633 3896 668 3943 ru
680 3871 768 3942 fimia
783 3877 905 3944 utitur:
921 3873 1003 3944 unde
1018 3901 1054 3948 ea
1067 3869 1254 3948 membrana
1266 3897 1333 3944 non
1346 3874 1543 3964 vestiuntur,
1555 3902 1625 3975 quoe

283 3899 424 4062 utrisque
441 3970 525 4039 adest
542 3965 681 4066 pedibus.

332 4065 439 4135 Lutra
453 4067 551 4134 cauda
564 4057 696 4160 piscium
715 4063 817 4160 qudm
838 4066 1030 4137 terrestrium
1051 4066 1236 4136 animalium
1250 4067 1355 4135 caudis
1362 4091 1429 4232 pto
1452 4072 1529 4158 iot;
1550 4093 1625 4144 nam

284 4159 488 4256 Epidermide
511 4156 649 4254 squamis
664 4156 835 4258 hexagonae
856 4161 962 4258 figurae
975 4185 1096 4232 armata
1111 4168 1228 4259 tegitur
1249 4215 1259 4246 ,
1284 4186 1344 4234 nec
1376 4160 1418 4232 ub
1464 4170 1532 4234 ntia
1555 4172 1625 4260 ejus

282 4260 305 4322 a
321 4277 432 4364 natura
450 4247 582 4350 piscium
596 4248 697 4326 aliena
715 4259 779 4347 est,
794 4257 897 4331 multa
911 4257 1102 4356 pinguedine
1116 4258 1231 4328 referta
1248 4262 1283 4327 in
1301 4258 1410 4329 medio
1423 4255 1555 4333 craffior
1578 4262 1624 4336 esl

283 4372 387 4445 quarn
401 4374 433 4417 m
443 4353 603 4421 extremis.

322 4446 413 4515 Anus
424 4441 597 4515 Fibriinter
610 4469 645 4517 os
681 4445 795 4524 ubis&
810 4451 917 4520 caudae
930 4453 1058 4520 initium
1067 4451 1259 4540 interjeslus,
1269 4474 1335 4520 non
1348 4446 1536 4544 Sphinstere
1545 4455 1623 4523 urin

281 4539 352 4614 aliis
366 4539 602 4626 animantlbus,
622 4472 679 4610 sed
688 4545 768 4614 rima
782 4544 981 4631 occluditur,
1005 4570 1060 4642 pet
1086 4569 1184 4640 quam
1203 4543 1300 4615 solida
1317 4555 1350 4619 δι
1367 4545 1488 4639 liquida
1510 4569 1623 4616 excre-

284 4659 391 4714 menta
411 4640 529 4734 egerit·
545 4643 739 4733 Extttroque
751 4637 843 4734 hujus
860 4644 947 4710 rimae
967 4641 1164 4727 latere,duo
1183 4636 1298 4711 sacculi
1314 4662 1422 4713 extant
1442 4643 1477 4709 in
1500 4637 1620 4734 quibus

283 4729 471 4812 Castoreum
492 4728 665 4838 perficitur.
696 4734 785 4831 Natu
801 4735 866 4813 duo
889 4731 961 4840 sunt
981 4733 1036 4809 alii
1050 4730 1148 4841 paulo
1166 4729 1340 4836 superiores
1362 4746 1395 4813 dt
1420 4731 1527 4809 multo
1548 4760 1619 4812 aut-
