3646 5430
197 456 199 461 ,
258 452 262 460 ,
320 349 646 449 nciurnrn
705 368 1041 448 nrsronrr.
1073 375 1218 455 rnvr.
1372 391 1434 478 ,u

59 471 145 636 {eph
159 473 275 634 reperit
286 508 297 558 ,·
310 495 409 569 quam
423 497 541 545 nucem
556 467 741 569 juglandem
761 467 843 540 solio
854 468 1016 568 eleganter
1032 467 1188 557 dissecto,
1216 475 1268 552 'vei
1287 476 1428 555 Acanthi
1440 477 1545 545 Bota-

81 594 148 637 oro
162 590 194 636 tn
217 593 225 637 ι
250 591 327 640 etat.
1385 603 1389 611 ·
1441 590 1525 646 mcc.

118 668 160 732 X.
190 594 290 737 D.gde
305 661 507 737 Tournefort
520 665 701 764 elegantem
716 666 756 735 de
778 663 895 761 plantis
909 669 1039 736 marinis
1053 666 1303 742 dissertationem
1317 671 1336 744 ὲ
1351 671 1428 749 scn-

61 782 122 858 pto
140 762 306 848 recitavit,
319 763 354 828 in
369 762 434 855 qus
454 786 564 859 praeter
580 760 641 831 alia
654 757 736 832 bend
750 758 853 831 multa
866 756 1012 833 observat
1024 761 1169 862 plantas,
1186 790 1250 861 quc
1269 770 1302 838 in
1329 774 1427 842 maris

59 856 165 928 fundo
181 852 363 944 nascuntur,
383 855 479 928 nullis
493 857 600 928 fulciri
615 856 770 928 radicibus
785 883 794 929 ι
808 881 884 928 nam
905 853 1012 952 solidis
1031 857 1222 954 quibusdam
1236 863 1426 958 corporibus

59 950 192 1024 lamella
206 951 345 1047 quidam
358 953 440 1023 tersa
459 961 493 1025 ec
508 953 631 1050 poliri,
647 962 784 1048 quaque
802 952 904 1024 nullas
922 956 1042 1024 emittit
1063 953 1156 1026 fibras
1175 1013 1184 1042 ,
1212 957 1255 1028 fic
1271 957 1428 1031 adhaeres.

61 1071 168 1135 cunt,
187 1070 225 1116 ut
242 1045 310 1119 sarta
324 1071 379 1118 aut
395 1045 495 1119 filices
534 1046 627 1118 uibus
639 1047 709 1118 sunt
722 1047 824 1119 affixae
844 1049 884 1117 ad
903 1071 955 1119 eas
980 1052 1162 1122 nutriendas
1184 1058 1289 1125 minus
1310 1057 1426 1127 idonea

60 1146 256 1216 videantur:
276 1147 358 1216 adeo
383 1166 418 1215 ut
442 1072 594 1242 pecdliari
615 1145 757 1241 quodam
779 1143 879 1214 modo
901 1141 1025 1214 alantur
1051 1149 1264 1223 accrescant.
1306 1143 1427 1222 Forsan

63 1241 82 1310 ὲ
102 1239 183 1311 limo
200 1239 336 1313 densiori
356 1249 389 1315 δι
413 1238 525 1312 oleoso
537 1262 636 1336 quem
662 1244 696 1311 in
719 1238 822 1310 fundo
846 1242 942 1312 maris
961 1238 1115 1338 exsugunt
1128 1297 1139 1330 ,
1153 1251 1351 1319 incrementa
1371 1243 1426 1319 su.

64 1360 169 1412 munt.

109 1432 195 1504 Illud
212 1439 312 1507 etiam
325 1439 358 1506 in
371 1433 419 1504 his
433 1437 549 1536 plantis
561 1436 604 1506 eil
620 1429 796 1532 singulare,
809 1433 900 1531 qubd
916 1460 1013 1534 grana
1028 1493 1039 1524 ,
1052 1458 1107 1508 aut
1119 1434 1331 1509 seminanulla
1346 1453 1431 1511 ocu-¹

60 1531 100 1603 lis
115 1526 304 1623 subjiciant,
333 1556 393 1602 nec
406 1521 703 1628 facileintelligitur
725 1529 781 1602 ubi
803 1531 858 1601 illa
882 1531 1011 1603 recondi
1032 1530 1148 1630 pofflnt
1171 1589 1181 1620 ,
1204 1529 1376 1630 prasertim
1394 1543 1428 1607 in

61 1628 180 1726 plantis
198 1626 353 1724 lapideis,
374 1627 553 1719 cujusmodi
570 1625 640 1697 sunt
654 1627 787 1700 corallia
801 1627 939 1724 &fungi
957 1634 1072 1700 marini
1090 1684 1100 1716 ,
1122 1654 1192 1726 quae
1209 1629 1352 1726 lapidum
1368 1657 1428 1727 po·

61 1728 144 1810 tius,
156 1750 259 1821 quam
272 1725 416 1821 stirpium
429 1722 568 1820 speciem
579 1747 641 1819 prae
655 1717 685 1790 se
698 1721 825 1810 serunt,
839 1748 981 1820 quorum
994 1721 1163 1796 substantia
1180 1727 1289 1796 durior
1308 1727 1376 1816 est,
1392 1734 1428 1798 dc

60 1815 108 1891 sui
118 1820 239 1917 ubique
249 1816 401 1906 similior,
417 1819 518 1916 quim
531 1843 567 1891 ut
576 1843 675 1915 grana
689 1823 774 1890 intus
785 1818 956 1890 concludat
965 1842 1047 1906 ,aut
1060 1819 1145 1889 foras
1161 1826 1298 1892 emittat.

111 1915 174 1990 Etst
188 1942 224 1986 ea
240 1913 311 1985 sunt
327 1938 467 2013 corpora
481 1939 567 1987 certa
589 1920 711 1986 ratione
723 1914 890 2000 formata,
905 1920 1077 2010 &organis
1090 1916 1237 1986 distinsba
1258 1970 1269 2000 ‚
1289 1917 1369 1987 adeo
1392 1938 1429 1990 ut

60 2011 290 2110 proseminati,
308 2020 341 2085 δι
357 2016 501 2106 generari
520 2011 655 2082 debeant
674 2032 713 2081 ex
727 2012 884 2081 constanti
901 2034 1020 2080 naturae
1045 2009 1125 2109 lege.
1163 2017 1244 2082 Haec
1257 2015 1343 2081 enim
1355 2034 1426 2083 tam

60 2108 259 2205 sibiaequalis
278 2130 333 2179 aut
346 2104 519 2178 consimilis
535 2113 569 2177 in
589 2129 702 2178 natura
721 2108 834 2203 agendi
850 2112 934 2179 ratio
947 2106 978 2176 id
1002 2108 1126 2179 videtur
1138 2113 1286 2206 exigere,
1312 2130 1348 2179 ut
1366 2105 1427 2178 sint

60 2211 95 2276 in
117 2205 233 2303 plantis
252 2207 405 2287 marinis,
423 2209 503 2276 utin
517 2206 649 2275 terrenis
662 2205 807 2299 quadam
823 2198 953 2276 semina.
988 2206 1028 2274 Et
1042 2201 1114 2273 sane
1129 2204 1289 2275 interdum
1302 2206 1428 2276 videtur

61 2298 103 2371 ab
122 2301 271 2369 extremis
284 2296 409 2367 corallii
423 2299 552 2369 ramulis
573 2299 719 2392 quaedam
733 2297 825 2367 lastis
843 2304 923 2366 acris
943 2307 977 2368 dt
1000 2293 1111 2366 viscosi
1131 2297 1249 2394 species
1272 2301 1428 2396 prodire,

61 2395 152 2491 quod
166 2390 315 2462 credibile
326 2391 370 2460 eli
383 2393 430 2462 ad
440 2397 544 2464 imum
563 2391 688 2479 delabi3
709 2415 815 2486 neque
825 2394 856 2461 id
869 2416 943 2463 cum
967 2414 1052 2487 aqua
1071 2389 1218 2479 misceri,
1241 2389 1293 2463 sed
1319 2390 1429 2465 subtili

88 2491 207 2560 undam
230 2482 349 2557 semine
372 2491 617 2587 impraegnatum
632 2487 732 2560 obvio
744 2492 860 2583 cuique
872 2491 1002 2585 corpori
1015 2482 1237 2565 adhaerescere.
1274 2493 1364 2560 Hinc
1381 2495 1431 2562 D.

46 2514 102 2656 <de
118 2581 322 2659 Tournesort
339 2584 470 2655 corallia
484 2599 595 2655 coram
613 2584 757 2656 exhibuit
771 2577 906 2677 cujusvis
917 2585 1044 2669 atatis,
1064 2583 1087 2653 ὲ
1104 2583 1273 2680 primosui
1292 2586 1427 2656 exordio

60 2681 156 2751 instar
178 2679 288 2776 pttndbi
304 2680 412 2766 rubei,
428 2682 517 2778 quod
529 2686 581 2751 vix
594 2680 679 2750 sensu
694 2683 887 2778 percipitur,
899 2680 939 2749 ad
952 2677 1098 2749 ultimam
1119 2676 1164 2748 sui
1186 2681 1284 2780 usque
1297 2679 1428 2780 perfec·

59 2768 185 2847 tionem
201 2832 210 2859 ,
225 2773 403 2874 conchyliis
416 2799 473 2846 aut
485 2773 641 2863 filicibus,
660 2781 693 2847 in
708 2774 823 2872 quibus
838 2797 1024 2874 vegetantur
1041 2831 1051 2861 ,
1064 2769 1172 2848 affixa.

117 2879 150 2944 X
165 2879 190 2946 1.
211 2878 321 2967 Qam
333 2874 551 2965 conjecturam
565 2898 631 2943 non
645 2872 686 2943 ad
699 2871 830 2944 corallia
848 2873 969 2958 modo,
983 2871 1064 2942 &ad
1081 2871 1204 2969 plantas
1214 2896 1326 2944 omnes
1340 2872 1426 2970 lapi-

58 2970 157 3056 deas,
174 2994 244 3061 qttae
262 2972 294 3038 in
314 2972 394 3038 mari
415 2965 668 3055 nascuntur,sed
683 2973 781 3040 etiam
797 2968 838 3037 ad
859 2972 1015 3064 genuinos
1036 2964 1155 3060 lapides
1176 2966 1319 3039 adhiberi
1340 2967 1439 3067 posse*
1533 2975 1541 2987 '

59 3062 255 3162 suspicatur:
272 3068 293 3132 ii
308 3068 428 3161 quippe
446 3071 464 3134 e*
479 3066 610 3134 material
625 3063 745 3159 liquida
760 3060 838 3158 fingi
854 3061 992 3160 poliunt.
1017 3059 1128 3132 Silices
1145 3061 1288 3134 exhibuit
1299 3062 1428 3137 forma·

60 3183 112 3231 tos
127 3166 160 3230 in
175 3157 372 3256 conchyliis,
387 3184 527 3253 quorum
542 3160 622 3231 adeo
635 3160 802 3256 angustum
817 3182 884 3230 etat
896 3158 1043 3229 foramen
1058 3211 1069 3242 ,
1091 3178 1127 3227 ut
1147 3156 1245 3229 filices
1257 3155 1359 3231 subire
1373 3165 1428 3231 in·

59 3278 111 3328 tus
125 3280 191 3326 non
209 3259 394 3347 potuerint,
408 3251 467 3329 nist
477 3252 563 3325 fone
580 3282 655 3328 cum
674 3254 778 3325 adhuc
792 3255 905 3350 liquidi
921 3278 1023 3325 erant.
1051 3259 1088 3323 ln
1102 3249 1149 3322 his
1162 3255 1269 3351 postea
1282 3254 1428 3326 indures·

60 3374 166 3423 centes
180 3349 341 3446 quandam
357 3351 442 3419 ursii
456 3347 527 3420 sunt
538 3357 775 3448 vegetationem
798 3376 807 3418 :
828 3372 939 3419 natura
953 3354 1074 3443 quippe
1094 3345 1273 3446 susceptum
1291 3355 1352 3421 iter
1376 3348 1429 3420 so·

59 3445 105 3517 let
122 3446 277 3528 insistere,
293 3447 438 3539 arqne’ut
452 3446 562 3537 stirpes
574 3447 721 3538 quaedam
735 3439 807 3511 sunt
821 3441 972 3537 lapideae,
993 3440 1035 3510 fic
1049 3436 1128 3509 nihil
1150 3464 1237 3512 vetar
1252 3448 1428 3536 quominus

60 3544 208 3639 plerique
225 3539 343 3635 lapides
356 3543 388 3606 in
403 3538 583 3636 plantarum
598 3535 690 3606 censu
703 3535 880 3607 habeantur
894 3561 904 3606 t
918 3559 1030 3606 verum
1055 3531 1236 3625 hujusmodi
1257 3541 1427 3632 conjesiu-

60 3661 110 3710 ras
126 3642 264 3731 tempori
279 3639 524 3731 &experientia
536 3635 739 3703 maturandas
752 3631 971 3725 relinquimus.

117 3739 195 3805 Hoc
209 3733 340 3826 quidem
357 3753 444 3799 anno
463 3732 634 3811 Academia
648 3727 834 3825 preclarum
848 3729 919 3796 iniit
932 3724 1099 3798 consilium
1122 3733 1282 3801 Botanicae
1294 3751 1428 3829 promm·

61 3832 169 3901 venda
190 3825 336 3924 perutile.
369 3826 449 3898 Illud
464 3830 630 3924 permagni
646 3823 749 3903 visum
764 3825 808 3895 est
824 3827 983 3895 momenti
1003 3848 1054 3894 eas
1069 3826 1176 3924 stirpes
1200 3825 1316 3899 babere
1338 3824 1427 3925 pers·

61 3929 193 4022 pessos,
209 3947 286 4017 quas
301 3918 552 4017 veteresseriptis
562 3920 622 3991 suis
637 3922 887 4005 mandaverunt,
903 3924 972 4011 qud
984 3923 1121 3991 remedia
1132 3919 1173 3991 ab
1188 3926 1224 3993 iis
1236 3922 1317 3994 adeo
1331 3948 1428 3994 com-

61 4024 211 4091 mendata
225 4019 318 4098 nobis
331 4015 563 4094 innotescerent
575 4073 585 4101 ,
597 4041 698 4113 eaque
712 4073 723 4104 ,
740 4014 762 4085 fi
777 4013 844 4088 fieri
866 4012 978 4111 pollet,
994 4015 1127 4086 meliora
1139 4014 1354 4104 efficerentur,
1364 4041 1428 4090 -aut

61 4114 138 4188 fiita
156 4119 367 4214 contingeret,
378 4117 436 4207 qni
448 4110 639 4210 irrepserunt
653 4137 776 4182 errores
788 4167 799 4197 ‚
812 4111 1027 4185 demerentur.
1052 4114 1096 4182 At
1114 4113 1220 4208 stirpes
1232 4113 1293 4183 illae
1309 4115 1426 4211 magnai

62 4238 100 4283 ex
120 4235 207 4313 parte
225 4234 284 4278 nos
303 4210 431 4306 fugiunt
447 4266 456 4295 ,
472 4207 516 4277 ob
531 4230 652 4279 mutata
670 4231 783 4278 eorum
800 4210 935 4276 nomina
954 4262 964 4292 ,
994 4207 1045 4278 vel
1066 4206 1110 4276 ob
1130 4211 1298 4305 regionum
1320 4213 1427 4279 diver-

60 4307 186 4382 sitatem
212 4362 223 4394 ,
253 4305 360 4405 figurae
392 4304 464 4377 sunt
497 4304 672 4376 admodum
707 4299 899 4392 dissimiles,
932 4328 1038 4403 neque
1076 4305 1195 4376 raedem
1236 4305 1332 4406 plane
1366 4302 1427 4376 lint

63 4427 157 4482 vires.

117 4512 195 4579 ΧΗ,
218 4507 300 4597 Qae
314 4500 445 4595 quidem
460 4504 570 4573 omnia
583 4504 636 4570 vix
652 4495 761 4567 haberi
778 4492 905 4596 poll'unt
919 4496 1082 4596 explorata
1096 4507 1130 4573 dt
1144 4502 1297 4598 cognita,
1322 4497 1378 4572 nisi
1405 4497 1429 4571 si

63 4604 136 4698 quis
148 4602 231 4672 forte
246 4604 278 4669 in
291 4597 352 4668 hic
365 4593 495 4667 scientia
508 4595 684 4665 admodum
699 4600 910 4673 exercitatus,
926 4598 961 4663 in
977 4597 1134 4668 Graeciam
1149 4653 1160 4682 ,
1179 4593 1309 4683 usam,
1324 4601 1428 4693 AEgy.
1449 4625 1457 4643 ι

64 4719 158 4794 ptum
172 4693 202 4765 se
217 4692 364 4766 conferat
377 4714 412 4759 ut
427 4692 472 4763 ibi
492 4688 729 4787 Theophrasti,
748 4684 966 4783 Dioscuridis,
983 4691 1168 4764 &aliorum
1183 4698 1241 4790 qui
1265 4691 1360 4763 inhis
1378 4715 1430 4761 re.
1531 4749 1539 4765 ,
1666 4678 1678 4705 '

63 4789 217 4895 g'ionibus
228 4795 376 4866 vixerunt
397 4784 514 4894 scripta
529 4792 655 4863 intento
666 4789 778 4866 animo
792 4789 933 4884 enuntiat
944 4817 957 4884 5
970 4793 1003 4863 dt
1018 4785 1142 4961 plantaEs
1164 4811 1429 4908 omnesquaruot

1148 4909 1225 4978 ece
1252 4910 1288 4987 ιιι
