3646 5430
325 373 651 460 denormat
706 382 1044 464 HISTORIA.
1082 391 1158 465 lis.
1177 393 1222 464 Π.
1365 407 1425 480 143
1528 478 1534 485 ‚

10 481 21 534 '·
93 503 199 555 uantur.
228 485 269 552 in
282 481 468 553 ventriculis
487 483 678 555 aninnlium
690 484 879 558 membrana
896 489 1098 561 interiorunt
1112 490 1158 559 eil
1171 502 1363 581 corrugata,
1387 503 1424 555 ut
1443 465 1537 582 Cb}-

10 606 22 647 r
90 580 242 671 inmajore
250 578 363 647 avium
376 600 491 674 parte,
511 603 566 652 aut
579 578 710 653 soliis&
730 581 1043 681 papillisinllrusta,
1063 606 1099 657 ut
1116 589 1151 656 in
1175 577 1422 667 ruminantibus,
1441 584 1533 641 W·

86 697 124 745 aur
137 673 220 747 villis
234 682 270 747 δι
285 669 467 770 cuspidibus
477 674 603 773 aspera,
619 701 655 749 ιιι
669 683 702 748 in
714 678 858 749 homine.

10 799 14 834 ,·
119 771 346 842 intestinorum
367 766 587 843 conformatio
604 771 680 844 huic
691 777 814 845 astioni
831 773 874 845 est
888 775 1027 846 maximi
1044 779 1300 850 accommodata.
1331 777 1425 848 Nam

80 862 254 940 Mesenterii
265 863 454 935 membrum
467 872 519 936 cui
533 865 772 956 adhaerescunt,
787 868 842 940 illa
858 875 893 940 in
916 895 1009 967 rugas
1024 871 1186 945 contrahit
1201 907 1211 960 3
1225 869 1311 941 fibrae
1331 873 1367 941 in
1385 874 1425 942 iia

75 986 144 1061 pme
158 987 276 1034 omnes
292 956 364 1032 sunt
377 963 546 1036 circulares
561 1019 572 1049 ,
587 990 724 1061 quarum
736 964 843 1064 plures
861 967 1025 1037 arslantur
1041 968 1111 1039 aliis
1127 968 1282 1038 relaxatis

10 1090 14 1141 ι
111 1064 225 1132 Paucis
233 1056 306 1156 post
314 1057 426 1130 diebus
435 1059 662 1158 cercopitheci
671 1057 917 1160 descriptionem
933 1061 1012 1156 legit
1020 1064 1106 1133 idem
1119 1071 1162 1138 D.
1178 1059 1425 1154 Perrault,cujus

10 1170 12 1179 '
71 1178 171 1252 partes
186 1157 354 1225 interiores
365 1156 560 1252 expendit&
573 1154 732 1255 descripfit
746 1163 790 1231 D.
803 1157 1001 1253 duverney.
1025 1163 1218 1232 llicvenam
1228 1152 1424 1228 subclaviam

68 1274 99 1322 ιιι
112 1255 151 1321 in
163 1273 244 1320 cane
254 1245 346 1347 supra
362 1251 496 1322 ductum
515 1250 714 1324 thoracicum
737 1311 749 1341 ‚
768 1249 947 1349 iugularem
972 1255 1084 1325 itidem
1106 1254 1200 1356 supra
1216 1250 1423 1324 insertionem

68 1371 148 1417 cum
162 1341 282 1440 ligasset
295 1398 306 1431 ,
320 1350 407 1415 canis
421 1345 524 1417 adhoc
538 1349 723 1442 quindecim
737 1351 802 1423 dies
820 1342 971 1444 superstes
983 1346 1057 1423 sitit.

13 1449 16 1457 '
115 1446 212 1514 Vlli.
236 1440 374 1511 Monstri
392 1439 555 1533 cujusdam
565 1446 653 1539 quod
666 1445 718 1515 die
740 1472 785 1520 tr.
799 1448 891 1543 Junii
904 1464 1017 1514 natum
1038 1446 1083 1515 est
1099 1443 1224 1517 Toloni
1235 1451 1268 1517 in
1281 1450 1422 1520 Prouin-

68 1539 142 1624 ιιι,
160 1535 335 1606 historiaad
348 1544 392 1611 D.
403 1541 559 1608 Mariotte
571 1536 659 1608 missa
676 1539 759 1614 ledia
780 1545 824 1613 est
839 1541 890 1608 die
912 1564 962 1610 ιι.
981 1541 1126 1635 Augusti.
1150 1543 1267 1639 Capite
1288 1541 1422 1641 duplici,

68 1656 207 1729 quatuor
220 1627 383 1720 brachiis,
394 1635 530 1705 totidem
547 1632 690 1707 cruribus
703 1693 715 1726 ,
734 1661 850 1710 trunco
862 1638 961 1706 unico
973 1690 985 1722 ,
1001 1637 1097 1706 corde
1109 1659 1217 1709 tamen
1229 1636 1347 1736 duplici
1357 1638 1422 1707 ins·

67 1731 208 1798 trucium
220 1750 292 1801 erat
305 1785 317 1816 ,
329 1723 382 1801 sed
393 1755 460 1800 uno
472 1738 505 1801 dc
520 1733 635 1801 eodem
689 1736 826 1805 ricardio
837 1753 1012 1826 utrumque
1030 1753 1097 1803 erat
1109 1730 1265 1803 inclusum
1286 1789 1297 1817 ,
1323 1730 1363 1801 he
1386 1753 1422 1801 ar

65 1831 195 1896 unicum
208 1882 220 1914 ‚
231 1829 281 1896 uti
292 1832 328 1897 dr
344 1823 546 1898 ventriculus.
561 1831 606 1898 D.
619 1833 650 1900 T
675 1826 773 1901 ibault
789 1829 918 1900 DoCtor
930 1825 1077 1899 Medicus
1090 1828 1155 1899 boc
1168 1757 1421 1899 monllrumds-

63 1917 181 2008 secuit,
201 1944 363 1992 acueram
379 1918 522 1991 effeeam
534 1918 781 2020 descriptionem
793 1926 921 1995 testatus
932 1921 988 1997 est.

109 2015 180 2088 Sub
191 2020 280 2090 idem
292 2014 360 2089 sere
373 2040 498 2116 tempus
518 2042 635 2114 nempe
647 2015 752 2090 mense
766 2020 913 2118 Augusto
927 2022 972 2091 D.
985 2020 1029 2090 dtr
1045 2024 1174 2118 Verney
1188 2021 1222 2088 in
1239 2013 1357 2088 Ansere
1368 2040 1424 2086 ex-

67 2118 281 2210 perimentum
294 2109 371 2185 fecit
381 2121 447 2208 jam
455 2135 529 2183 ante
545 2119 578 2185 in
590 2114 845 2213 quadrupedibus
860 2112 938 2208 saepe
948 2135 1207 2210 tentatum,quo
1217 2133 1423 2210 compertum

67 2209 167 2284 fuitin
181 2208 385 2297 volatilibus,
400 2230 437 2279 ut
449 2213 482 2278 in
497 2206 752 2304 quadrupedibus
770 2209 919 2280 colorum
930 2204 1000 2278 diffr
1008 2211 1143 2279 rentiam
1182 2233 1228 2279 ua:
1251 2215 1285 2279 in
1300 2202 1422 2276 venoso

69 2314 100 2376 ιι
117 2304 277 2378 arterioso
292 2304 444 2402 sangnine
456 2303 649 2401 conspicitur
661 2358 671 2388 ,
682 2302 704 2372 i
714 2302 920 2399 pulmonibus
933 2301 1042 2400 poritls
1054 2305 1155 2397 quim
1171 2329 1192 2374 a
1206 2305 1302 2375 corde
1319 2298 1422 2396 profi·

68 2399 149 2476 cisci.
178 2406 272 2474 Nam
280 2399 405 2496 sanguis
419 2423 456 2469 er
470 2401 662 2495 pulmonum
676 2405 789 2468 arteria
802 2396 934 2484 missus,
951 2395 1099 2493 subniger
1112 2393 1217 2486 visus,
1238 2400 1297 2494 qui
1311 2397 1420 2467 dvorte

69 2499 268 2596 pulmonum
278 2495 407 2568 edusius
421 2493 485 2565 fuir
499 2494 612 2566 rutilus
626 2499 660 2565 δι
674 2488 877 2588 splendidior.

457 2826 496 2910 C
533 2827 567 2906 A
613 2827 641 2910 Ρ
678 2828 722 2912 U
761 2827 802 2907 T
919 2831 940 2911 I
994 2835 1030 2919 I.

399 3048 456 3117 De
484 3037 656 3140 chymicis
678 3034 722 3124 ἀ
743 3031 891 3148 Physicis
910 3034 1099 3124 laboribus.

10 3318 16 3325 .
68 3253 97 3323 1·
218 3258 275 3331 Ua
292 3260 440 3331 ratione.
460 3271 564 3343 quave
596 3247 751 3323 methodo
773 3254 806 3322 in
824 3250 1005 3349 plantarum
1026 3247 1156 3348 Analyfi
1181 3241 1418 3350 procedendum

219 3354 373 3441 iudicaret
384 3348 428 3414 Ι).
442 3346 568 3415 Dodatt
586 3367 651 3414 uno
673 3350 751 3417 item
766 3357 800 3420 dc
821 3347 923 3418 altero
942 3341 1061 3446 scripto
1079 3345 1233 3442 exposuit.
1272 3341 1422 3411 Mateta·

67 3456 146 3524 tieni
167 3447 373 3521 insistendum
387 3435 561 3526 censebat,
587 3442 676 3533 quod
699 3441 895 3536 probabilius
921 3437 959 3510 sit
985 3445 1199 3511 maceratione
1226 3436 1293 3535 ipsa
1312 3443 1420 3529 potius

65 3546 176 3617 evolvi
200 3553 234 3616 dt
262 3543 409 3617 extricari
433 3536 586 3633 principia
608 3536 709 3629 qufam
734 3536 927 3606 ulceraria.
953 3537 1105 3628 Juniores
1124 3531 1246 3628 plantas
1267 3584 1279 3614 ,
1304 3524 1420 3622 easque

66 3645 227 3738 imprimis
251 3666 322 3737 quae
344 3630 463 3706 usuales
483 3632 651 3715 dicuntur,
677 3627 794 3725 analysr
809 3625 1013 3721 subjiciendas
1030 3661 1039 3714 ;
1066 3650 1103 3693 ac
1122 3625 1273 3721 pleraque
1289 3617 1422 3691 aliano·

71 3758 143 3805 tatu
156 3737 249 3832 digna
269 3734 440 3808 annotavit
464 3782 475 3811 ,
497 3750 567 3820 quae
588 3749 703 3822 magna
723 3748 761 3794 ex
785 3745 875 3819 parte
895 3717 968 3791 sunt
993 3718 1168 3792 observata.
1204 3717 1293 3815 Quid
1310 3739 1347 3785 er
1367 3715 1421 3788 illa
1541 3718 1545 3725 ’

69 3827 192 3924 analyfi
218 3829 406 3930 sperandum
437 3818 496 3900 stt,
520 3828 566 3896 D.
588 3824 712 3891 Dodart
738 3818 837 3890 libro
861 3819 1013 3916 peculiari
1030 3820 1087 3913 qui
1111 3839 1199 3887 anno
1217 3826 1311 3890 1676.
1336 3818 1422 3913 typis

73 3928 194 4021 Regiis
211 3925 441 4004 ercurirssuit,
472 3925 504 3989 δι
528 3926 616 4015 cujus
638 3916 727 4016 supra
742 3918 971 4002 meminimus,
995 3910 1141 4013 exposuit
1159 3947 1167 4001 3
1189 3936 1294 4012 neque
1313 3918 1345 3982 in
1369 3913 1421 3986 liis

70 4027 195 4096 diutius
213 4021 448 4094 immorandum
467 4011 678 4100 arbitramur,
697 4009 755 4083 nist
768 4011 854 4083 forte
875 4015 1020 4108 quadam
1037 4032 1206 4080 occurrant
1227 4033 1297 4106 quae
1323 4009 1422 4081 nostrl

40 4131 41 4134 ’
72 4121 145 4192 sunt
159 4117 304 4193 instituti.
1414 4164 1419 4180 ,

115 4221 160 4288 ll.
186 4217 296 4296 Huius
307 4217 431 4310 generis
455 4210 517 4280 fuit
538 4205 618 4278 illud
644 4205 745 4305 ipsum
772 4206 860 4301 quod
886 4201 1001 4273 eodem
1019 4198 1085 4269 fere
1106 4224 1277 4300 tempore,
1300 4201 1349 4269 die
1369 4204 1422 4269 ni.

10 4306 13 4349 ⁵
78 4321 190 4388 mirum
210 4337 254 4383 ao
276 4312 392 4381 Martii
416 4314 461 4383 D,
476 4303 646 4374 Bnurdelin
658 4299 821 4386 exhibuit,
843 4319 939 4396 caput
964 4318 1128 4366 mortuum
1152 4296 1241 4392 quod
1264 4292 1423 4390 supererat

82 4404 193 4484 eroleo
207 4410 370 4477 variarum
395 4402 576 4505 plantatum
603 4397 748 4470 sexies&
773 4392 899 4466 vicesies
918 4392 1063 4463 extillato
1081 4417 1171 4462 novae
1190 4385 1311 4487 semper
1330 4415 1422 4488 aquae

85 4507 253 4579 communia
272 4501 448 4576 additione.
487 4503 531 4568 Ex
550 4496 586 4570 ro
604 4499 705 4578 unciis
720 4492 782 4563 olei
795 4495 864 4563 duae
881 4487 1011 4562 tanttlm
1036 4512 1110 4560 curn
1123 4485 1242 4558 semisse
1261 4487 1324 4555 olei
1347 4488 1421 4555 lon.

10 4632 19 4673 a
89 4603 263 4695 gipuriotis
284 4598 387 4694 quim
409 4621 502 4670 antea
525 4591 650 4668 tesrduae
675 4589 815 4665 suerunt.
841 4592 938 4686 Aqua
952 4586 1031 4656 veri>
1050 4607 1161 4683 quater
1180 4591 1213 4654 dr
1228 4576 1355 4677 vigesres
1369 4581 1421 4648 di.

10 4749 24 4790 ¹.
91 4697 181 4769 illlata
193 4693 360 4769 sublimati
370 4692 607 4770 dissolutionem
620 4711 683 4792 prae
695 4684 756 4793 sale
770 4686 894 4762 volatili
904 4737 917 4774 ,
935 4706 1004 4786 quo
1022 4705 1089 4757 erat
1103 4685 1423 4778 irupraegnata,prat-¹

10 4845 24 4888 ᾗ
94 4795 203 4900 cipitem
223 4789 338 4869 dedit.¹
