3646 5430
382 375 731 455 'ACADEMiAE
778 380 1264 457 urstortrn.tn.-v.
1475 382 1539 475 '459

120 525 122 532 ι
175 475 281 546 talem
300 469 436 547 sinensrs
458 482 551 576 regni
568 477 744 551 Historiam
766 475 927 579 speciant,
949 503 1068 576 magno
1089 480 1191 553 studio
1209 474 1374 575 explorata
1392 472 1538 546 habean-
1556 480 1671 556 Adra:

173 590 243 641 tur.
1550 601 1641 676 nonas

120 787 123 794 »
184 769 1517 799 -u———n-...n--a———s—n—d*

608 864 1119 995 eauurrr.

1445 1006 1464 1037 Χ

392 1131 450 1198 D‘e
471 1115 675 1223 distantiae
698 1120 793 1195 ima
811 1114 927 1224 cyclos
946 1117 1088 1195 lunares
1111 1112 1155 1203 ό
1163 1111 1318 1222 solares,

120 1368 127 1409 2
174 1327 213 1402 b·
343 1331 378 1403 Ie
393 1355 415 1400 2⁴
431 1330 551 1398 Martii*
563 1327 763 1402 Marinus
780 1319 1037 1398 dissertationem
1052 1328 1130 1425 legit
1152 1325 1190 1392 de
1203 1348 1244 1394 eo
1257 1321 1436 1395 discrimine
1446 1318 1543 1421 quod

120 1498 122 1503 ,
344 1422 467 1520 Cyclos
486 1424 610 1495 lunares
623 1429 704 1495 inter
719 1433 752 1497 δι
764 1422 880 1494 solares
892 1426 1083 1513 intercedit,
1097 1425 1194 1520 idque
1210 1444 1247 1491 ex
1261 1416 1534 1493 observationibus

175 1541 256 1592 ante
272 1517 497 1618 Hipparchum
509 1517 604 1590 sadis
623 1520 767 1617 colligit.-

228 1620 375 1689 Primum
396 1636 491 1710 negat
514 1639 599 1685 nunc
621 1621 776 1713 temporis
788 1614 872 1685 illud>
892 1636 958 1685 tam
982 1615 1115 1686 arduum
1139 1609 1200 1682 effe
1220 1606 1433 1683 differentiam
1453 1616 1538 1686 inret'

174 1709 299 1784 solares
316 1767 328 1797 ‚
343 1707 512 1781 &lunares
527 1707 635 1806 cyclos
649 1735 683 1801 ¹9
696 1736 855 1781 annorum
869 1711 1022 1797 statuere,
1043 1733 1141 1802 atque
1158 1707 1238 1778 olim
1253 1708 1394 1788 hocerat
1413 1732 1450 1778 ex
1472 1710 1551 1779 oba·

173 1801 414 1879 festationibus
425 1810 523 1874 trium
533 1829 588 1876 aut
607 1830 748 1904 quatuor
766 1804 951 1876 saeculorum
967 1804 1054 1876 fastu
1067 1803 1208 1878 difficile.
1244 1804 1410 1897 Siquidem
1423 1806 1536 1899 praesto

172 1901 254 1976 sunt
269 1899 361 1970 nobis
374 1897 550 1971 multorum
563 1925 648 1971 retro
659 1899 845 1972 saeculorum
866 1898 1123 1987 observationes,
1149 1924 1223 1969 cum
1241 1898 1320 1968 olim
1337 1899 1421 1968 diem
1442 1904 1536 1968 novi-

172 1997 260 2073 lunii
273 1990 425 2089 cujusque
443 1993 530 2066 nosse
547 1993 703 2067 sufficeret
716 1998 888 2066 dividendis
907 1996 1127 2092 temporibus,
1140 2019 1199 2066 nec
1218 1997 1256 2065 de
1275 1992 1434 2090 horel-ipsit
1449 1991 1535 2086 quis-

176 2117 280 2188 quam
297 2089 372 2169 esset
386 2086 560 2176 sollicitus,
577 2091 666 2162 nullo
686 2090 754 2162 fieri
768 2089 868 2161 modo
883 2115 1008 2187 poterat
1023 2114 1080 2178 ,ut
1098 2095 1180 2162 intra
1199 2093 1363 2160 modicum
1382 2094 1535 2183 temporis

175 2189 316 2287 spatium
329 2184 396 2255 haec
408 2181 586 2256 diffi’rentia
599 2186 766 2284 cyclorum
804 2185 942 2283 etspesla
963 2185 1061 2273 ellet,
1083 2195 1124 2259 δι’
1137 2191 1285 2283 cognita,
1310 2181 1466 2273 liquidem
1482 2189 1540 2255 vix·

176 2309 217 2357 ea
228 2283 272 2354 est
285 2285 377 2351 unius
392 2283 455 2349 diei
468 2285 549 2350 iutra
564 2283 628 2351 duo
640 2305 694 2352 aut
707 2286 767 2354 tria
782 2214 913 2354 iaeculat
939 2281 1032 2354 Nilril
1047 2284 1127 2351 adeo
1143 2283 1323 2351 mirandum
1337 2278 1358 2347 fi
1373 2279 1442 2377 post
1458 2303 1533 2351 ata-

173 2402 244 2454 tem
268 2381 388 2450 Numae
415 2377 567 2470 Pompilii
582 2381 682 2475 Regis
696 2380 942 2463 Romanorum,
967 2382 1023 2473 qui
1038 2401 1158 2446 annum
1171 2377 1210 2444 ad
1233 2374 1313 2444 lunae
1338 2396 1467 2446 motum
1489 2375 1532 2446 sto

173 2475 362 2558 constituit,
381 2493 417 2542 ut
437 2468 588 2542 vicesimo
609 2497 741 2568 quoque
758 2498 845 2542 anno
865 2472 939 2542 lund
953 2476 991 2543 ad
1005 2471 1141 2541 eundem
1155 2495 1229 2541 cum
1252 2469 1316 2540 sole
1331 2471 1464 2566 gradum
1483 2496 1532 2539 re.

173 2571 268 2643 tersit
281 2593 382 2638 novus
394 2571 657 2665 annus-inciperet
672 2603 681 2656 3
695 2573 754 2637 tria
767 2592 821 2639 aut
839 2592 976 2663 quatuor
990 2564 1099 2639 saecula
1114 2565 1323 2650 ellluxerunt,
1347 2559 1543 2661 priusquam¹

175 2663 300 2740 Metho
317 2660 534 2743 Athenienfis,
558 2672 589 2734 ὅ(
607 2663 702 2759 Calip
728 2689 762 2732 us
778 2664 900 2733 lunares
918 2667 1064 2758 periodos
1086 2667 1119 2731 in
1139 2666 1297 2731 Graeciam
1324 2662 1532 2748 inducerent,

170 2785 219 2833 ex
234 2759 345 2830 eadem
360 2754 695 2855 hypothesrregrelsus
706 2691 793 2830 lunae
803 2784 877 2828 cunr
894 2757 959 2828 sole
971 2761 1011 2830 ad
1025 2760 1160 2830 eundem
1172 2758 1304 2827 Zodiaci
1316 2759 1450 2853 gradum
1462 2759 1532 2856 post

172 2858 306 2928 uastos
321 2881 353 2943 19
368 2878 477 2923 annos·
1336 2936 1341 2942 .

227 2949 450 3022 Nihilominus
469 2972 576 3019 tamen
591 2955 664 3020 anni
680 2976 744 3020 non
759 2958 802 3023 ita
816 2972 904 3021 crant
921 2953 1001 3023 iuter
1015 2949 1044 3019 se
1056 2947 1192 3045 aquales
1207 2948 1284 3043 quin
1304 2944 1429 3039 aliquot
1443 2947 1531 3020 horis

170 3049 197 3120 ὲ
214 3043 245 3117 se
262 3049 403 3115 invicem
416 3041 605 3117 diffiderent.
630 3047 748 3116 Metbo
765 3048 932 3143 periodum
953 3043 1039 3116 suarn
1055 3072 1092 3116 err
1112 3072 1146 3126 κ)
1161 3051 1249 3114 annis
1267 3044 1460 3136 conposuit,
1473 3049 1548 3140 qui'

124 3170 131 3179 ·
170 3137 486 3213 diebus'constabant
504 3144 654 3235 integris:
668 3142 821 3240 Calippus
843 3139 891 3212 sex
919 3143 1011 3211 boras
1032 3140 1199 3212 Methonis
1223 3138 1356 3236 periodo
1370 3140 1530 3229 detraxit,

168 3259 274 3331 atque
297 3257 490 3330 exquatuor
508 3235 703 3307 Methonicis
719 3230 806 3308 suam
823 3245 921 3309 textrit
953 3238 1119 3336 periodum
1150 3251 1193 3325 76
1214 3258 1372 3305 annorum
1397 3268 1405 3321 ;
1430 3260 1532 3329 caque

168 3356 262 3404 anno
274 3333 526 3428 primolmperii
545 3331 741 3420 Alexandri,
755 3338 844 3404 annis
856 3334 1000 3403 videlicet
1013 3361 1068 3422 330
1082 3357 1155 3402 ante
1172 3331 1289 3401 Christi
1301 3329 1457 3423 epocham
1470 3331 1532 3402 fult

168 3424 231 3497 usu
252 3447 387 3521 recepta.
415 3431 444 3494 Is
457 3423 589 3494 solarem
601 3451 720 3496 annum
736 3443 773 3512 4⁶
779 3455 789 3513 5
807 3428 930 3496 dierum
944 3438 974 3499 ἃ
988 3425 1038 3496 sex
1050 3428 1201 3497 horarum
1217 3430 1344 3506 statuit,
1361 3448 1459 3516 quam
1474 3428 1533 3492 tri

169 3521 233 3594 bus
247 3522 325 3616 post
339 3518 569 3615 saeculisJulius
599 3519 703 3591 Caesat
726 3527 801 3594 anni
818 3524 1070 3617 magnitudinem
1082 3525 1221 3591 retinuit.
1245 3523 1325 3586 ttae
1337 3514 1534 3612 Hypothesrs

170 3619 265 3713 quod
279 3614 409 3713 stmplex
426 3617 499 3686 ell'et
520 3622 551 3685 ὃ(
569 3615 689 3700 facilis,
707 3617 794 3688 brevi
811 3617 972 3706 obtinuit,
992 3616 1022 3684 id
1049 3642 1088 3687 ue
1102 3622 1197 3685 etiam
1220 3613 1388 3711 postquam
1416 3614 1531 3682 sistro-

170 3718 281 3783 nomis
295 3735 340 3780 ea
353 3711 414 3781 fuit
426 3712 558 3801 alicuius
578 3717 692 3781 erroris
706 3710 844 3810 l'uspesia
861 3740 869 3782 :
887 3714 966 3782 adeo
981 3735 1015 3782 ut
1026 3643 1163 3807 septimo
1176 3713 1244 3798 poli
1261 3703 1375 3776 saeculo
1390 3706 1531 3776 Alexan-

168 3809 256 3880 drini
282 3806 454 3903 presules,
482 3804 596 3900 quibus
623 3807 655 3874 id
683 3813 821 3878 muneris
844 3810 1023 3878 a'Nicaeuo
1051 3807 1205 3881 Concilio
1233 3802 1413 3893 injuniium
1442 3801 1544 3892 fuit,-

169 3923 210 3974 ut
225 3925 347 3974 certum
364 3901 513 3994 paschatis
528 3901 612 3970 diem
626 3903 851 3973 constituerent
866 3960 875 3988 ,
891 3903 976 3974 hanc
990 3907 1157 3999 periodum
1174 3899 1384 3972 adhibuerint.
1591 3987 1596 3999 x

226 4004 279 4072 ΙΙ.
321 4000 508 4068 Astronomi
530 4002 627 4066 eriam
647 3993 759 4067 solares
784 4003 864 4069 inter
883 4010 914 4070 dr
930 4001 1054 4068 lunares
1070 4000 1214 4096 periodos
1234 3990 1413 4064 discrimina
1435 3989 1529 4064 serius

168 4096 463 4168 animadverterunt
478 4148 488 4177 ,
507 4090 571 4160 rive
585 4118 622 4161 ex
636 4097 819 4163 inveterata
833 4099 993 4189 opinionis
1012 4097 1194 4190 praejudicio
1206 4150 1216 4179 ,
1229 4092 1291 4164 five
1309 4083 1353 4155 ob
1372 4093 1528 4159 incertam

169 4195 247 4263 anni
269 4186 375 4260 solaris
391 4189 654 4282 magnitudinem.
693 4191 783 4258 Nam
794 4215 893 4258 annus
910 4191 1006 4285 paulo
1022 4198 1122 4286 major
1144 4193 1244 4282 quarn
1261 4208 1368 4257 revera
1383 4181 1418 4251 srt
1437 4242 1448 4272 ‚
1470 4183 1527 4254 ha·

170 4284 304 4357 bebatur
321 4320 329 4374 3
345 4282 396 4353 seu
408 4286 546 4377 denique
564 4285 652 4377 quod
676 4289 769 4354 nimis
784 4288 917 4354 arduum
931 4287 1088 4356 videretur
1102 4280 1186 4354 solis
1203 4294 1234 4358 δι
1248 4287 1328 4356 lunae
1347 4301 1454 4355 motus
1475 4280 1538 4347 ad»¹

167 4383 307 4454 modum
321 4379 490 4474 inaequales
510 4381 688 4474 explicare:
716 4384 736 4448 ii
753 4385 873 4475 quippe
894 4379 992 4450 solem
1011 4388 1044 4453 &
1071 4379 1179 4451 lunam
1200 4382 1358 4452 interdum
1373 4374 1441 4473 plus
1456 4374 1526 4450 satis

170 4496 387 4572 promovent,
404 4498 458 4543 aut
481 4477 661 4545 retardant.-
697 4473 891 4564 Huiusmodi
910 4476 1104 4572 inequalitas
1127 4501 1274 4548 motuum
1305 4474 1338 4536 in
1359 4473 1454 4541 causi
1480 4476 1525 4544 rsl

168 4594 230 4638 out
253 4568 371 4640 menses
383 4569 526 4653 lunares,
541 4572 596 4662 qui
612 4574 632 4634 a
653 4571 724 4636 vesal
739 4570 819 4637 lunae
835 4596 908 4640 cnm
925 4567 989 4640 sole
1002 4572 1229 4664 coujutadlione
1245 4572 1283 4640 ad
1305 4563 1440 4633 alteram
1462 4592 1523 4637 uu·

169 4688 358 4749 merantur,
375 4670 497 4762 quique
508 4660 665 4733 naturales
679 4662 767 4743 stitit,
790 4675 1022 4762 &apparentes
1037 4722 1047 4750 ,
1062 4690 1126 4734 non
1153 4663 1211 4736 srnr
1231 4671 1312 4735 inter
1326 4655 1355 4727 st
1367 4662 1502 4754 aquales
1513 4718 1536 4751 ,..

168 4757 306 4864 sed-alii.
320 4758 361 4832 ab
381 4762 450 4834 aliis
471 4760 596 4858 aliquot
617 4757 704 4830 horis
727 4755 910 4833 dissideant..
948 4767 1034 4834 Inter
1054 4759 1253 4859 longiffimos
1278 4768 1310 4830 δι
1328 4753 1538 4832 brevissimos·

1185 4854 1374 4944 Mmmq
