3646 5430
309 300 312 308 ’
428 316 1287 445 ¹‘nc'ananrarrrsronratram.
1467 348 1529 439 ‘27³

571 641 897 761 catur
974 607 1104 728 111‘.

677 843 733 913 De
755 828 1028 918 mathematicis,

176 1010 202 1080 1.
219 1016 300 1183 C
321 1008 391 1080 Um
418 1007 647 1080 Astronomieae
662 1007 896 1081 observationes
915 1034 1016 1108 nuper
1033 1014 1067 1080 in
1079 990 1184 1081 lucem
1198 1013 1287 1081 editae
1306 998 1343 1082 ea
1358 1010 1526 1109 complec-

321 1124 427 1174 tantur
442 1126 512 1199 qnae
528 1102 692 1197 postremis
716 1105 763 1175 his
785 1107 878 1176 annis
894 1109 926 1174 in
949 1106 1124 1175 Academia
1150 1110 1221 1175 aeia
1241 1104 1312 1176 sunt
1337 1163 1346 1192 ,
1376 1105 1454 1177 nihil
1482 1108 1528 1176 est

172 1198 273 1269 taust
292 1221 349 1268 cut
362 1202 394 1265 in
418 1202 455 1268 iis
476 1193 667 1268 recensendis
680 1200 797 1272 diutius
818 1204 1028 1272 immoremur
1047 1224 1118 1295 quae
1137 1225 1257 1300 magno
1281 1202 1383 1272 studio
1413 1211 1445 1273 dc
1473 1207 1528 1272 in-

171 1292 325 1363 credibili
346 1289 400 1361 dili
425 1295 510 1361 entia
531 1289 658 1363 fuerunt
678 1290 852 1366 elaborata.

231 1389 365 1459 Omitto
384 1317 424 1456 iil
437 1410 569 1483 quoque
585 1388 757 1458 Cometem
769 1392 802 1458 in
821 1389 918 1459 lndiis
940 1385 1045 1462 visum
1070 1389 1196 1463 suissed
1217 1396 1255 1464 P.
1274 1398 1311 1464 P.
1337 1395 1504 1463 Societaris
1515 1448 1527 1481 ,

173 1487 239 1580 qui
252 1485 286 1552 in
301 1486 336 1553 iis
348 1479 425 1553 locis
443 1479 629 1569 versantur,
645 1491 733 1575 cujus
753 1507 883 1569 morus,
900 1488 1107 1585 magnitudo,
1135 1491 1218 1574 iter,
1235 1486 1341 1555 canda
1356 1487 1528 1584 productio

1545 448 1602 513 Do

1544 539 1664 619 Matb.

170 1568 330 1677 descripta
348 1566 417 1647 sunt
435 1583 468 1646 in
491 1573 760 1649 observationibus
773 1575 913 1679 Physicis
928 1587 961 1651 dt
980 1581 1219 1652 Mathematicis
1234 1581 1407 1653 editisaP·
1422 1586 1529 1653 Govie
1672 1626 1675 1652 .

167 1685 354 1762 ann01692
369 1698 377 1743 τ
393 1669 474 1741 visus
483 1672 527 1739 est
547 1673 568 1741 a
582 1677 619 1744 P.
633 1670 781 1744 Richaud
800 1678 833 1743 in
849 1677 979 1769 regione
993 1675 1187 1773 Pontichery
1204 1681 1291 1746 eirea
1312 1675 1397 1746 diem
1414 1682 1433 1748 8
1459 1681 1531 1747 De-

167 1764 312 1839 cembris
325 1771 369 1857 ,a
389 1773 425 1840 Ρ.
440 1772 475 1839 P.
488 1766 526 1834 de
541 1771 620 1836 Beze
635 1776 668 1839 δε
683 1766 712 1837 le
734 1769 854 1839 Comte
870 1769 1018 1841 Malaca.
1042 1777 1080 1839 ln
1093 1769 1140 1839 his
1155 1771 1235 1842 locis
1250 1768 1306 1840 sub
1322 1767 1528 1865 conspectum

166 1869 365 1977 non-venit,
378 1864 469 1960 quod
482 1866 575 1932 initio
589 1861 657 1934 Soli
670 1859 744 1934 ellet
756 1867 888 1962 propior
907 1871 940 1934 dc
954 1861 1010 1936 sub
1021 1863 1120 1935 finem
1143 1866 1181 1936 ad
1206 1866 1322 1940 Polum
1345 1865 1528 1937 Australem

166 1983 272 2131 Ἣ
287 1961 480 2153 ficocllgedpeilrs
493 2051 584 2123 suum
604 2052 834 2220 Algebra'icum
858 2035 1105 2129 examinandum
1130 2059 1215 2131 dedit
1239 2038 1284 2130 D.
1309 2038 1446 2155 Calloys
1473 2059 1531 2154 qui

171 2173 290 2247 rogatu
304 2150 490 2240 Academiae⁴
498 2150 576 2236 illud
597 2157 754 2249 peregit,
768 2178 806 2224 ac
824 2156 910 2250 typis
924 2152 1029 2252 postea
1042 2152 1075 2223 id
1090 2155 1276 2226 mandatnm
1295 2154 1350 2226 est.

210 2251 271 2320 11.
295 2246 363 2319 Sub
380 2247 466 2316 idem
480 2269 606 2345 tempus
629 2244 848 2318 Serenislimus
873 2252 1023 2342 Princeps
1046 2248 1123 2317 D'ux
1153 2245 1377 2319 Meduanenfis
1408 2251 1553 2320 Orien·-

171 2341 247 2413 talis
270 2342 482 2420 Astronomiae
500 2346 725 2439 Fragmentum
746 2347 856 2412 Siamo
877 2340 899 2409 d
922 2346 967 2410 D.
991 2341 1031 2409 de
1051 2341 1081 2409 la
1109 2343 1255 2412 Loubere
1280 2346 1335 2412 Re
1359 2347 1384 2410 is
1409 2346 1453 2412 Le
1477 2366 1532 2413 ato

169 2433 311 2507 allatum
323 2438 363 2507 ad
380 2442 427 2509 D.
447 2433 611 2507 Cassrnum
631 2434 744 2522 mifit,
777 2442 832 2533 qui
856 2441 890 2504 in
909 2441 975 2524 ejus
998 2436 1260 2531 interpretatione
1280 2367 1417 2505 nudum
1440 2369 1534 2506 ibunt

170 2526 317 2628 posuit,
339 2539 373 2603 δι
390 2536 433 2603 tei
459 2530 657 2602 difficillimae
685 2556 836 2630 magnam
856 2530 964 2600 lucem
986 2526 1095 2600 intulit
1118 2586 1130 2618 ,
1151 2554 1288 2625 eamque
1311 2534 1346 2599 in
1364 2527 1532 2600 volumine

172 2646 282 2722 nuper
296 2626 383 2699 edito
400 2624 534 2724 publicis
547 2631 624 2720 juris
644 2622 734 2700 fecit.
1321 2626 1326 2631 ’

226 2716 315 2790 Illud
337 2743 444 2818 prater
466 2745 577 2792 cetera
597 2727 755 2818 comperit
772 2778 783 2811 ,
800 2718 978 2795 Sinenstum
990 2720 1156 2819 Epocham
1176 2725 1345 2791 inannum
1359 2715 1465 2791 salutis
1479 2744 1531 2793 re·

170 2834 295 2914 paratz
319 2822 377 2905 638
389 2818 547 2904 incidere,
565 2820 681 2912 quinto
701 2841 776 2889 ante
789 2816 951 2891 Persarum
968 2815 1133 2913 Epocham
1156 2840 1254 2886 anno.
1298 2820 1342 2886 ea
1359 2815 1403 2886 est
1417 2815 1534 2886 Astro-

169 2911 305 2981 nomica
320 2911 452 3008 Epocha
465 2913 626 2986 novilunii
645 2912 733 3004 quod
751 2917 784 2982 in
801 2912 852 2981 die
870 2914 1068 3007 AEquinoslii
1082 2913 1172 2980 verni
1195 2914 1357 3006 contigit,
1384 2936 1459 2981 cum
1472 2936 1533 2984 eos

169 3006 247 3083 dem
261 3005 313 3077 die
326 3005 385 3076 Sol
402 3004 551 3078 deficeret
566 3063 576 3093 ‚
592 3013 626 3076 δι
639 3008 704 3076 dies
717 3005 790 3079 esset
807 3006 950 3078 Sabbari.
997 3011 1146 3104 Qatuor
1163 3003 1210 3076 ba
1234 3027 1317 3075 norae
1343 3005 1425 3078 nulli
1441 3005 1532 3077 alteri

171 3123 276 3196 quam
290 3101 443 3200 praedisto
457 3129 542 3172 anno
559 3105 767 3175 conveniunt.
1035 3167 1037 3174 .

228 3199 307 3270 ΙΙΙ.
341 3200 396 3266 De
423 3195 646 3295 isoperimetris
667 3195 775 3295 figuris
787 3196 1069 3271 demonstrationes
1085 3195 1184 3269 snasl
1227 3203 1252 3267 it
1270 3199 1315 3270 D.
1332 3197 1372 3268 de
1392 3199 1530 3284 laHire,

169 3311 245 3386 quae
259 3288 359 3390 longe
373 3289 531 3364 faciliores
544 3290 613 3364 visae
630 3289 718 3379 sunt,
733 3317 831 3387 quam
846 3317 916 3388 quat
929 3296 949 3364 fa
964 3294 1080 3365 Clavio
1099 3289 1170 3365 sunt
1221 3316 1348 3389 urpatae.
1377 3290 1440 3365 De'
1453 3318 1529 3390 pro·

171 3388 315 3479 jestione
330 3410 466 3482 quoque
483 3413 659 3485 corporum
678 3391 786 3458 aslum
801 3387 844 3455 est
864 3412 901 3458 ex
919 3388 1087 3461 occasune
1099 3389 1314 3483 quorumdam
1333 3413 1469 3484 operum
1482 3391 1529 3463 D.

170 3480 212 3549 de
226 3478 395 3551 Robetval
408 3507 478 3575 quae
496 3490 541 3557 D.
554 3485 593 3552 de
608 3480 637 3551 la
656 3487 737 3552 Hire
750 3506 824 3550 cura
845 3502 915 3551 tum
928 3484 1025 3578 praelo
1037 3480 1279 3554 mandabantur.

220 3574 300 3646 Post
319 3573 388 3644 baec
405 3581 573 3649 Trastatus
601 3580 623 3648 a
648 3580 693 3648 Ι).
714 3575 826 3648 Picard
842 3573 1022 3648 elaboratus
1042 3578 1081 3645 de
1100 3573 1295 3670 ponderibus
1318 3585 1353 3648 dt
1378 3572 1530 3646 mensuris

173 3669 283 3740 leant
300 3671 365 3759 ell,
379 3676 435 3766 qui
456 3674 544 3742 anno
565 3685 635 3762 1⁶93
655 3678 735 3742 inter
756 3693 854 3764 opera
872 3670 1042 3765 posthuma
1067 3669 1244 3738 Academia
1272 3676 1306 3741 in
1327 3670 1432 3738 lucem
1454 3668 1530 3766 pross

176 3761 353 3861 diir:huic
381 3764 499 3841 inserta
526 3764 596 3839 sunt
615 3763 850 3837 observationes
881 3769 925 3839 D.
953 3770 1093 3836 Auzour·
1139 3768 1198 3834 Pes
1221 3760 1315 3856 cujus
1332 3787 1371 3832 ue
1392 3767 1531 3864 regionis

174 3859 222 3928 ad
245 3857 354 3954 pedem
366 3857 540 3932 Patifinum
560 3864 603 3932 est
630 3863 783 3932 redactus.
830 3864 861 3930 ls
882 3884 961 3930 vero
986 3865 1019 3930 in
1041 3880 1144 3955 partes
1167 3884 1231 3947 720
1254 3791 1368 3929 divisus
1393 3884 1531 3956 quarum

174 3952 387 4024 Londinensrs
408 3982 440 4027 v.
460 3981 509 4050 gr.
534 3961 576 4027 esi
596 3970 697 4057 6753²
732 3960 899 4025 Romanus
931 3952 1088 4051 Capitolii
1112 3963 1189 4049 652
1214 3960 1247 4024 δι
1267 3959 1310 4025 ita
1331 3954 1370 4025 de
1402 3961 1530 4028 cereris.

176 4045 352 4120 Consimili
373 4056 495 4121 rarione
512 4051 676 4148 liquorum
706 4046 864 4122 mensuras
875 4075 949 4120 cum
964 4054 1137 4144 antiquas,
1158 4071 1229 4119 turn
1242 4055 1433 4124 recentiores
1454 4077 1529 4122 om·

176 4146 268 4223 trium
284 4145 367 4238 pene
390 4168 422 4214 re
447 4150 557 4214 ionum
573 4141 766 4243 persequitur
787 4147 833 4213 uri
847 4153 880 4220 δι
896 4146 1048 4240 pondera.
1486 4173 1490 4180 ·

177 4300 184 4305 .
220 4242 290 4309 lv.
331 4170 495 4308 lneodem
510 4237 664 4336 opusculo
674 4263 830 4334 aquarum
842 4235 1042 4310 effluentium
1063 4242 1219 4310 rationem
1242 4246 1413 4313 examinat.
1448 4238 1531 4311 Illud

176 4335 337 4430 premittit
349 4337 542 4427 experientia
561 4335 808 4430 comprobatum
829 4389 839 4418 ‚
859 4357 973 4430 corpus
990 4337 1023 4401 in
1047 4358 1129 4429 aqua
1151 4335 1312 4429 stagnante
1330 4358 1440 4405 natans
1463 4339 1532 4430 pri.

177 4452 269 4498 mum
300 4427 322 4494 a
347 4427 487 4522 pondere
508 4430 679 4500 velocitate
706 4427 856 4522 aequabili
885 4431 1022 4498 troilum
1047 4452 1082 4499 ut
1112 4456 1161 4515 t,
1196 4431 1306 4501 deinde
1332 4427 1413 4499 trahi
1441 4428 1533 4499 velo·

179 4527 273 4592 citare
296 4543 333 4591 ut
355 4550 373 4593 2
395 4577 405 4604 ,
427 4517 481 4589 seu
504 4525 638 4593 dimidio
657 4546 804 4617 tempore
824 4521 846 4593 d
871 4523 1011 4619 pondere
1037 4527 1150 4620 prioris
1178 4525 1355 4621 quadruplo
1382 4579 1393 4608 ,
1425 4527 1469 4592 ira
1496 4548 1531 4596 ut

179 4615 365 4686 velocitates
377 4614 436 4686 fint
446 4639 481 4685 ut
496 4620 674 4716 ponderum
689 4621 806 4687 radices
822 4620 993 4712 quadrata.
1008 4621 1108 4701 ,Turn
1127 4644 1191 4714 que
1207 4617 1243 4690 sit
1263 4614 1427 4687 necessaria
1441 4644 1531 4714 aqua

178 4706 306 4788 fluentis
316 4711 498 4804 declivitas,
513 4711 606 4799 simul
619 4721 652 4786 δι
666 4706 846 4814 mensuram
857 4735 947 4810 aqua¹
963 4707 1119 4785 effluentis
1137 4737 1176 4786 ex
1200 4717 1292 4809 variis
1302 4714 1531 4877 l{praetimentis

1353 4831 1387 4875 m
