3646 5430
158 428 271 501 Ans.

159 526 253 612 1684.

291 345 348 429 ηε
595 327 797 402 arcta
844 313 1297 396 serruernreutr

676 772 679 777 ³
751 648 1027 734 CAPUT
1091 649 1175 763 lL

529 909 533 920 .
680 877 736 944 De
787 857 939 966 Historia
984 856 1250 943 animalium,
1293 798 1296 808 Ι

285 1086 313 1152 1.
435 1076 496 1147 Uae
507 1074 546 1144 ad
556 1070 721 1144 historiam
735 1069 933 1143 Animalium
945 1075 978 1141 dc
993 1089 1168 1139 anatomen
1179 1065 1333 1165 speblant,
1344 1090 1411 1138 non
1420 1065 1622 1167 pnfuneou

412 1212 414 1218 .
437 1170 501 1240 hoc
517 1193 604 1241 anno
617 1165 745 1238 suerunt
758 1168 967 1264 pertraflata,
983 1167 1119 1233 mortuis
1131 1168 1196 1253 jam
1216 1161 1257 1232 ab
1274 1161 1400 1257 aliquot
1414 1167 1509 1234 annis
1522 1168 1567 1236 D.
1585 1167 1620 1239 l).

287 1274 429 1365 Perquet
443 1274 477 1338 δι
499 1270 649 1358 caytus,
663 1277 743 1332 tinus
758 1254 949 1333 eisuffeetus
962 1257 1066 1329 suerat
1092 1261 1136 1328 D·
1166 1257 1211 1328 du
1235 1263 1391 1353 Verney,
1415 1261 1475 1356 qui
1507 1262 1542 1328 iu
1570 1283 1620 1332 arte

286 1368 468 1435 anatomica
482 1360 618 1431 studium
638 1354 728 1428 suum
754 1366 787 1430 δι
807 1381 939 1453 operam
960 1348 1077 1450 posuit.
1102 1356 1180 1423 Hoc
1200 1377 1287 1423 anno
1312 1358 1437 1448 1684.
1464 1357 1512 1426 D·
1539 1356 1621 1451 Meq

289 1460 473 1529 Academiae
486 1450 660 1551 adscriptus
681 1451 763 1534 suit,
780 1460 813 1526 &
828 1451 917 1546 quod
931 1472 1006 1519 vere
1020 1444 1269 1544 simpliciterque
1288 1449 1482 1536 dicendum,
1499 1446 1625 1520 boneste

286 1551 498 1624 aemulationis
521 1549 624 1620 aculei
647 1547 722 1618 huic
736 1550 797 1620 arti
815 1544 1066 1645 promovende,
1091 1540 1313 1617 &acrioribus
1333 1542 1443 1616 studiis
1465 1547 1630 1616 excinnd's

288 1675 356 1720 non
372 1648 575 1718 mediocriter
597 1640 756 1740 profuere.

334 1749 379 1817 11.
407 1746 470 1815 Die
493 1769 527 1828 ις
549 1738 708 1811 Februarii
721 1736 791 1808 selis
803 1736 956 1824 odorata,
974 1762 1007 1806 v.
1030 1735 1159 1802 Civem
1183 1731 1311 1805 dissedit
1324 1731 1398 1808 suit.
1433 1737 1503 1833 Qi
1529 1733 1631 1831 liquo-

286 1866 354 1911 rem
369 1837 538 1935 fragrantis
560 1836 667 1906 odoris
682 1830 881 1930 suppeditant
893 1829 1009 1904 sacculi
1024 1887 1035 1918 ,
1049 1828 1217 1927 diligenter
1237 1831 1259 1901 ὲ
1285 1834 1330 1902 D.
1356 1830 1400 1901 du
1418 1840 1549 1926 Vemq
1565 1827 1629 1902 sunt

285 1932 412 2007 excussi·
442 1938 524 2005 Duae
538 1927 694 2030 glandula
707 1951 808 2027 prope
820 1951 918 2000 anum
937 1927 1017 1999 fotis
1036 1948 1146 2024 patent
1168 1981 1180 2013 ,
1203 1948 1274 2021 qoae
1302 1920 1456 1999 fetidum
1480 1923 1632 2022 liquorem

285 2030 461 2195 fenbisllem
475 2118 581 2192 mense
597 2143 666 2190 mus
682 2117 832 2187 odoratus
854 2143 887 2190 v.
908 2138 952 2182 un
967 2119 1030 2183 Rae
1050 2116 1181 2210 musqui
1207 2117 1312 2189 cultro
1333 2115 1495 2213 subje&us
1516 2143 1527 2191 r
1551 2116 1562 2188 l
1623 2124 1629 2136 '

286 2217 507 2386 isnteslinorum
521 2215 683 2287 anfractus
695 2232 730 2285 ut
743 2215 776 2284 in
791 2215 1021 2285 ruminantium
1036 2237 1152 2313 genere
1172 2212 1193 2285 d
1211 2218 1257 2287 D.
1272 2214 1315 2285 du
1331 2222 1465 2312 Verney
1486 2142 1634 2289 fitotoffl

301 2336 412 2385 ervatr.

337 2408 428 2480 Idem
454 2409 488 2476 in
516 2401 606 2503 simia
625 2404 732 2476 dentes
757 2403 851 2475 instar
887 2399 975 2474 serra
1004 2397 1169 2501 dispositos
1196 2458 1208 2491 ,
1243 2403 1360 2476 lienem
1388 2403 1479 2502 quafi
1507 2405 1645 2506 glander-¹

287 2505 326 2577 lis
343 2499 488 2601 asperum
506 2529 515 2576 r
533 2496 892 2662 mesenteriipglandulas
916 2496 1033 2596 gypsea
1065 2506 1198 2571 materia
1223 2499 1366 2596 oppletas
1386 2554 1398 2587 ,
1424 2507 1474 2573 uti
1494 2511 1530 2575 δι
1552 2504 1630 2605 elapsi

286 2595 575 2697 receptaculum,ac
584 2605 670 2687 jecut
680 2597 712 2692 ip
727 2594 1043 2683 umdemonsttavitsr
1055 2591 1117 2665 hoc
1127 2593 1245 2666 animal
1257 2592 1332 2665 tube
1340 2599 1521 2668 excindium
1529 2599 1634 2672 suerat.

332 2700 392 2767 111.
413 2692 533 2767 Pellem
552 2711 685 2787 quoque
706 2687 1371 2790 histricisdiligentiusexpendit,parsejus
1405 2692 1539 2764 ollarios
1550 2695 1633 2770 velet

284 2791 425 2888 squamis
441 2790 564 2857 munita
583 2839 595 2871 ,
619 2779 804 2855 aculeorum
826 2783 946 2854 radices
968 2781 1147 2855 musculum
1161 2809 1330 2857 cotaneum
1344 2717 1446 2856 subire
1457 2785 1528 2855 rist
1536 2786 1608 2860 sont
1617 2848 1630 2880 ‚

286 2875 504 2956 musculorum
516 2873 725 2978 aponeuroses
736 2880 820 2948 intus
834 2876 1044 2965 adducuntur,
1057 2880 1160 2950 aculei
1175 2905 1232 2953 aut
1244 2877 1336 2976 spinae
1348 2877 1434 2950 foras
1445 2877 1625 2972 seuerum,

286 2989 321 3057 de
334 2974 453 3049 sursum
466 2981 641 3074 eriguntur.
665 2969 772 3048 Multa
786 2973 848 3043 alia
861 2970 932 3044 sunt
944 2972 1160 3047 animadversa
1171 2981 1205 3049 iu
1217 2976 1324 3071 lingua
1336 3030 1347 3062 ,
1368 2981 1401 3045 in
1416 2998 1457 3046 eo
1469 2977 1629 3069 musculo,

286 3065 1638 3262 ariualeaiierariiaasarizalareaueaauaii

285 3265 400 3335 vicinis
413 3259 553 3358 partibus
565 3283 661 3330 nexus
676 3257 720 3328 est
734 3259 979 3354 contemplatus.
1627 3312 1636 3341 ,.

336 3363 394 3430 1v.
422 3362 555 3427 Ineunte
576 3358 700 3425 Martio
727 3349 796 3424 selis
815 3352 953 3431 odorata
973 3354 1135 3452 Epiploon
1155 3358 1297 3432 exhibuit
1321 3414 1332 3446 ,
1357 3353 1450 3429 simul
1472 3367 1509 3433 δι
1537 3363 1634 3440 etrus,

287 3455 442 3528 dustuum
458 3475 540 3548 quos
560 3442 707 3546 adiposos
722 3445 891 3546 appellavit
911 3450 1133 3548 Malpigbius,
1156 3459 1434 3552 propagines,qui
1451 3457 1566 3539 dusius
1576 3479 1624 3525 re.

287 3558 336 3623 nis
359 3608 370 3639 ‚
396 3549 569 3623 arteriis&
595 3542 725 3618 sacculis
743 3539 813 3614 sunt
835 3542 986 3620 dissimili.
1013 3551 1080 3621 Hic
1093 3549 1190 3646 adeps
1206 3558 1240 3619 in
1255 3546 1450 3621 Mesenterio
1466 3554 1510 3620 ad
1530 3545 1629 3622 refice

286 3650 384 3720 latera
398 3643 443 3714 esl
458 3635 606 3727 uberior,
620 3637 725 3709 nullus
746 3642 780 3710 in
799 3639 875 3709 dura
888 3665 1014 3730 matre,
1037 3641 1170 3729 Pleura,
1193 3654 1226 3717 δι
1253 3650 1286 3715 in
1308 3643 1501 3741 pulmonum
1530 3668 1629 3717 mem·

286 3743 399 3817 brana.
423 3742 461 3807 ln
479 3731 617 3827 ejusdem
641 3733 714 3808 ferae
738 3731 873 3805 secunda
899 3735 1070 3807 ventriculi
1093 3739 1279 3810 membrana
1304 3737 1458 3835 glandulae
1487 3765 1558 3812 non
1579 3765 1630 3838 ap-

287 3856 423 3935 parent,
447 3824 498 3898 sed
521 3826 681 3900 foramina
693 3852 819 3904 tantum
847 3828 1036 3925 :exquibus
1060 3832 1139 3924 justa
1159 3831 1293 3932 suspicio
1311 3833 1354 3904 est
1380 3858 1453 3904 eam
1471 3832 1627 3907 membra·

287 3952 363 4002 narn
381 3923 441 3998 elle
452 3920 669 4018 glandulosam
684 3978 694 4008 ,
712 3934 745 3997 δι
765 3926 863 3999 exea
881 3924 1042 4021 liquorem
1062 3931 1094 3995 in
1113 3952 1217 4023 partes
1240 3933 1370 3999 intimas
1391 3930 1562 4003 ventriculi
1579 3952 1625 3999 ex·

285 4022 406 4096 sudare.
434 4024 524 4115 Qus
545 4016 709 4113 glandulas
727 4026 760 4098 in
786 4021 975 4092 ventriculo.
989 4018 1048 4093 suis
1075 4021 1258 4120 conspicuas
1284 4047 1358 4099 aute
1381 4025 1561 4098 ostenderat
1586 4028 1624 4100 D.

285 4123 329 4191 du
341 4126 471 4213 Verney
491 4169 502 4200 ,
524 4135 568 4182 eae
590 4136 713 4212 partem
734 4112 874 4188 secundae
893 4114 1087 4188 membranae
1105 4143 1281 4189 convexam
1301 4144 1343 4215 op
1368 4117 1464 4206 lent,
1488 4127 1524 4193 δι
1545 4119 1626 4195 sota

285 4212 407 4288 minula
421 4215 454 4284 iu
469 4232 559 4310 parte
570 4213 713 4283 interiori
722 4210 777 4287 sub
795 4211 908 4281 oculos
926 4212 1052 4283 cadunt.
1072 4213 1237 4285 Postremo
1257 4210 1330 4290 vasa
1346 4145 1553 4310 lymphatica
1572 4219 1625 4288 de·

285 4310 473 4382 monstravit
487 4363 497 4393 ,
517 4330 657 4401 quorum
669 4309 786 4379 radices
798 4310 832 4375 in
844 4303 1060 4377 musculorum
1073 4306 1308 4379 membranis&
1322 4314 1356 4377 in
1370 4308 1442 4403 ipsis
1464 4305 1624 4383 viscen'bus

282 4405 382 4478 latent
396 4426 520 4501 ,eaque
534 4405 643 4471 incon
668 4399 788 4477 lobatas
799 4401 962 4498 glandulas
975 4398 1007 4471 se
1019 4426 1204 4488 exonerant,
1218 4425 1288 4473 turn
1300 4401 1386 4498 quast
1395 4427 1434 4477 ex
1446 4409 1485 4474 iis
1520 4404 1624 4477 lando-

284 4501 322 4574 lis
337 4521 444 4571 renata
455 4501 571 4596 partim
583 4500 616 4566 in
626 4425 713 4590 cbyli
730 4496 964 4596 receptaculum
982 4553 992 4583 ,
1017 4501 1137 4594 partim
1156 4502 1188 4567 in
1210 4495 1375 4568 axillarern
1396 4493 1428 4568 se
1449 4524 1467 4569 e
1542 4502 1625 4578 dunt.

283 4593 538 4694 Receptaculum
549 4589 642 4662 vasal
668 4591 828 4689 mphatica
840 4617 878 4661 ex
889 4590 1104 4663 abdomine&
1115 4591 1255 4690 partibus
1265 4591 1473 4666 inferioribus
1487 4601 1555 4667 exci
1578 4601 1602 4667 ir
1614 4629 1628 4686 3·

284 4693 422 4789 pesteris
435 4685 506 4759 vasa
518 4688 559 4757 ad
572 4618 715 4758 canalem
729 4681 930 4796 t'boracicum
944 4721 955 4778 3
971 4691 1106 4786 capitis,
1125 4686 1203 4759 colli
1226 4695 1260 4760 &
1283 4685 1491 4779 brachiorum
1507 4715 1527 4766 v
1595 4696 1624 4768 iu

283 4809 378 4862 venas
388 4784 533 4858 axillares
547 4779 702 4860 desinunt.
