3646 5430
299 409 359 478 182
618 401 816 472 REGIAE
868 385 1326 466 SCIENTIARUM

156 483 223 582 Μ
237 534 275 585 η,
345 499 439 571 Vll.
475 493 615 568 Eandem
636 494 679 565 ob
703 499 860 565 rationem
885 493 926 560 de
948 483 1127 581 Phosphori
1144 507 1214 555 rum
1233 479 1327 569 hcci,
1349 500 1420 552 turn
1445 479 1650 650 lipuidiprae.

157 609 255 695 1⁶7&
296 597 594 695 paratione‚quam
605 589 722 661 nobilis
738 595 916 659 Germanus
936 590 979 655 D·
1004 580 1199 662 Schirnous,
1216 581 1453 688 tumtemporit
1505 579 1649 653 cadentia

297 692 572 768 communicavit,
586 685 649 753 hoc
672 684 748 754 loco
764 680 842 753 nihil
862 677 1049 770 subjiciam:
1079 701 1153 747 cnm
1179 678 1227 745 D.
1249 669 1420 769 Hombcrg
1444 696 1479 743 tn
1501 677 1649 771 predicti

296 786 376 855 netis
392 807 503 852 veram
517 781 629 873 liquidi
652 775 824 875 phosphori
851 775 980 872 parandi
1003 777 1160 842 rationem
1186 771 1374 865 aperuerit,
1397 776 1431 839 dt
1462 773 1552 840 varia
1574 770 1649 844 illinc

299 877 518 977 pho-,nomena
539 875 675 944 dilucide
687 870 878 970 exposuerit.
1671 918 1674 923 ,

346 977 440 1043 Vlll.
469 977 542 1042 Nec
557 974 661 1038 minus
676 967 825 1063 stupenda
841 964 911 1035 sunt
928 989 998 1058 qucc
1020 964 1098 1031 novi
1123 957 1333 1054 Microscopii
1352 983 1414 1054 ope
1437 979 1511 1033 tum
1530 982 1645 1058 tempo·

301 1072 344 1138 ris
357 1064 515 1136 observari
534 1086 718 1154 ruperunt,
745 1067 885 1158 primum
904 1063 925 1131 a
946 1065 990 1130 D.
1014 1056 1215 1127 Levvenhort
1230 1061 1262 1125 in
1288 1057 1443 1141 Batavia,
1471 1077 1544 1126 tum
1561 1062 1644 1127 mian

299 1163 369 1231 aliis
384 1161 509 1231 inlocis
529 1168 562 1229 δι
576 1163 609 1226 in
627 1157 799 1227 Academia
818 1153 894 1250 ipsa.
919 1162 1000 1250 Qua
1020 1158 1148 1221 ineunte
1162 1147 1267 1220 mense
1281 1152 1377 1219 Maio
1396 1152 1436 1219 ad
1453 1153 1499 1219 D.
1526 1155 1643 1248 hingem

299 1255 458 1346 scripsrtb
486 1257 614 1324 Batavia
643 1258 686 1324 D.
712 1250 909 1322 Levvenhox
921 1258 973 1320 vix
998 1248 1094 1319 fidem
1112 1253 1157 1316 im
1181 1265 1353 1328 errarent,
1379 1242 1434 1313 nifi
1459 1245 1532 1316 aliis
1554 1246 1642 1344 polite

301 1343 713 1421 observationibusfuillent
733 1345 955 1439 comprobata.
983 1349 1021 1412 ln
1042 1340 1124 1410 laete
1147 1272 1199 1410 riu
1215 1339 1371 1436 spermate
1392 1339 1547 1411 Morhuae
1560 1339 1640 1439 vulgo

301 1445 446 1520 Mourn'e'
471 1439 690 1514 incredibilem
708 1439 900 1511 insedlorum
923 1436 1161 1510 multitudinem
1189 1430 1352 1531 conspexit
1377 1487 1389 1515 ,
1410 1436 1495 1506 adeo
1522 1459 1558 1508 ut
1589 1460 1640 1532 pen

301 1545 350 1609 exi
375 1565 414 1608 na
434 1596 445 1626 ‚
462 1561 620 1633 quantum
644 1540 687 1607 est
710 1531 844 1606 arenulae
868 1559 1004 1631 granum
1017 1589 1027 1616 ,
1038 1527 1279 1600 innumerabilia
1292 1550 1373 1622 pene
1389 1533 1570 1604 contineret
1587 1535 1640 1601 ani·

303 1566 452 1707 maledi.
481 1640 519 1704 In
533 1629 612 1702 vasu
632 1626 843 1702 deserentibus
861 1629 936 1726 galli
949 1629 1116 1724 gallinacei
1130 1649 1194 1694 non
1208 1628 1370 1693 minorem
1384 1620 1640 1722 inseChormnqu

302 1730 456 1826 anguillas
470 1726 670 1817 referebant,
686 1723 924 1798 multitudinem
948 1718 1166 1821 deprehendit.
1203 1721 1294 1789 Tum
1321 1713 1582 1823 Microscopinm
1599 1717 1641 1795 niu

303 1828 404 1919 magis
418 1825 600 1921 expeditum
618 1821 812 1920 excogitavit
837 1824 881 1892 D.
902 1824 1048 1914 Hugens.
1500 1840 1503 1847 ·

352 1921 520 1991 Pulvctem
534 1927 591 2012 qui
606 1917 713 1987 mnlris
736 1912 814 1983 inest
826 1911 958 1984 floribus
975 1969 985 1997 ‚
1006 1909 1263 2007 conspiciendum
1280 1909 1424 1983 exhibuit
1450 1912 1501 1985 D.
1517 1913 1640 2003 eruin

304 2019 373 2109 Qi
385 2016 515 2100 majoris
528 2010 713 2105 heliotropii
732 2006 806 2078 flori
832 2006 1013 2079 adharescit
1034 2064 1045 2092 ‚
1072 2010 1088 2078 ὲ
1108 2000 1247 2101 globulis
1261 2006 1384 2077 constat
1401 2061 1415 2094 ,
1437 2005 1474 2077 bi
1493 2008 1596 2101 cadius
1610 2031 1642 2081 cx

304 2109 336 2181 se
360 2106 497 2177 fundunt
520 2140 530 2193 ;
551 2109 584 2174 in
610 2103 736 2176 trifolio
758 2099 887 2172 acetoso
908 2103 1040 2199 granula
1059 2103 1170 2172 itidem
1199 2099 1332 2198 globosa
1353 2104 1527 2189 cernunthr
1552 2103 1640 2177 insti

306 2203 416 2276 medio
434 2198 520 2295 quali
544 2199 716 2295 perforata.
741 2202 808 2293 Qi
827 2201 862 2266 in
876 2196 1079 2293 Papilionum
1093 2197 1149 2268 alis
1161 2197 1238 2268 inest
1254 2195 1447 2294 pulvisculus
1471 2254 1484 2286 ,
1508 2199 1527 2269 ὲ
1575 2203 1640 2269 nuit

208 2314 213 2321 '
305 2297 428 2367 constat
455 2293 582 2365 radiofis
605 2291 810 2392 tricuspidum
834 2291 949 2364 forma.
997 2298 1121 2364 Extima
1142 2291 1235 2388 palea
1259 2289 1483 2364 membranula
1506 2316 1523 2362 t
1563 2297 1641 2365 utu

306 2392 442 2464 modum
464 2390 602 2460 cochleae
623 2386 777 2487 dispofiris
791 2388 936 2457 distindia
961 2409 1103 2485 apparet.
1126 2392 1262 2456 Interior
1281 2386 1396 2456 calami
1408 2381 1568 2488 scriptorii
1584 2412 1642 2461 utn-

305 2483 393 2652 pulla
412 2485 507 2554 instar
518 2484 643 2556 reticuli
656 2489 805 2556 cernitur.
825 2487 893 2580 Qi
904 2479 1036 2554 floribus
1051 2486 1169 2552 ormini
1186 2481 1264 2552 inest
1280 2480 1409 2577 pulvis,
1426 2506 1566 2584 pepones
1580 2504 1640 2583 aput

324 2604 468 2652 otmatos
491 2605 528 2651 ex
554 2603 651 2653 nnut.
1302 2652 1305 2658 ,
1462 2656 1469 2665 ,

361 2681 426 2749 1Χ.
447 2681 494 2749 D.
510 2607 646 2774 lingens
657 2676 812 2769 nonnulla
826 2676 1003 2749 'citcaa'c'ris
1016 2671 1293 2747 condensationtm
1305 2667 1497 2772 proposuit,
1519 2698 1643 2774 rumque

308 2769 400 2871 supra
413 2770 510 2842 fidem
521 2775 597 2868 cogi
609 2769 694 2870 polse
713 2773 950 2847 demonstravit.
1457 2844 1463 2853 ,
1508 2838 1513 2851 ,
1596 2813 1639 2853 tn.

364 2872 450 2939 Inter
470 2865 533 2938 alia
549 2890 667 2938 natura
681 2891 778 2964 opera
794 2873 898 2940 minus
919 2866 1049 2965 vulgata
1065 2870 1110 2938 D.
1131 2869 1260 2935 bocone
1273 2865 1291 2934 ὲ
1306 2862 1416 2937 Sicilia
1430 2862 1522 2947 misit
1542 2867 1583 2937 ad
1604 2872 1643 2943 D.

309 2962 454 3037 Perraulr
474 2962 545 3033 duo
560 2961 636 3032 talei
659 2987 681 3030 o
703 2967 752 3033 aci
764 2988 897 3061 genera,
918 2986 1058 3060 quotum
1072 2985 1172 3030 unum
1188 2957 1323 3055 plumbo
1340 2984 1406 3032 non
1428 2960 1644 3053 eildisstmilt5

304 3056 424 3156 duplex
441 3080 572 3154 quoque
585 2987 722 3154 crystalli
733 3083 845 3156 opaca
854 3083 975 3155 genus;
992 3081 1056 3128 una
1067 3082 1100 3127 12
1113 3050 1289 3152 superficies
1303 3051 1413 3151 planas
1429 3064 1465 3131 dt
1479 3057 1644 3156 triangula·

305 3178 358 3225 tes
372 3209 382 3240 ,
400 3152 499 3225 altera
520 3153 597 3223 octo
614 3157 757 3223 continet
769 3188 779 3242 3
791 3151 971 3224 Corallium
984 3154 1095 3223 itidem
1109 3148 1218 3221 album
1232 3157 1266 3221 dc
1280 3149 1498 3225 articulatum.
1512 3152 1645 3237 Maliba

337 3273 443 3342 noque
471 3247 556 3318 illius
578 3242 668 3345 piscis
690 3252 747 3341 qui
774 3252 924 3320 Carearia
941 3253 1100 3318 vocitatur
1116 3242 1258 3314 exhibuit
1276 3245 1323 3316 D.
1337 3245 1504 3334 Perrault,
1523 3252 1645 3343 quarum

307 3273 463 3413 imnum
475 3344 519 3413 est
533 3346 668 3413 omnino
681 3339 856 3438 singularis.
888 3348 969 3414 Haec
994 3348 1028 3412 in
1053 3344 1131 3439 regii
1145 3338 1232 3411 horti
1244 3337 1316 3410 aula
1329 3335 1450 3414 sceleris
1474 3342 1647 3414 animliun

308 3460 374 3535 quq
389 3436 578 3509 dissecantur
590 3442 624 3506 in
638 3437 811 3510 Academia
827 3435 1047 3508 conservandis
1061 3439 1132 3508 sunt
1144 3428 1290 3532 reposita.

308 3592 314 3603 .
358 3538 401 3604 Χ.
439 3531 608 3606 Nonnulla
636 3557 705 3628 quo
730 3558 827 3603 uc.ex
851 3556 888 3603 ca
914 3529 1060 3628 Physrces
1093 3552 1181 3629 parte
1209 3550 1280 3625 quae
1308 3528 1348 3600 ad
1378 3531 1529 3605 medendi
1558 3555 1645 3603 atem

309 3629 354 3700 est
366 3628 612 3700 accommodata
627 3683 637 3714 ,
654 3651 690 3698 ut
706 3556 741 3697 se
761 3627 792 3698 se
812 3627 929 3698 obtulit
952 3627 1098 3713 occaso,
1112 3625 1270 3696 interdum
1300 3620 1372 3696 suut
1386 3624 1567 3725 propofira.
1599 3633 1644 3703 Vir

310 3721 438 3797 Clariis.
455 3733 544 3815 cujus
556 3746 649 3792 antea
660 3727 858 3795 mentionem
869 3720 1015 3809 fecimus,
1032 3721 1165 3818 D.Joly
1183 3717 1407 3808 Divionensu,
1425 3725 1643 3817 quadameon

309 3817 484 3887 Academia
505 3821 777 3904 communicavit,
801 3842 872 3913 qua
885 3814 956 3888 sunt
969 3815 1122 3912 ejusmodi
1135 3838 1169 3886 ut
1186 3819 1378 3912 experientia
1394 3815 1641 3915 comprobanie-

311 3907 373 3979 tile
391 3908 521 4005 possint.
560 3906 642 3979 illud
656 3913 837 4005 imprimis,
855 3911 987 3983 strumas
1008 3917 1041 3982 in
1066 3910 1252 4008 burgundia:
1275 3917 1309 3982 dc
1334 3908 1525 4009 Campania
1547 3911 1643 3986 finibit

307 4000 408 4074 sanari
424 4000 552 4089 solitas,
578 4027 652 4073 cum
673 4004 736 4075 illis
750 4006 913 4101 quoddam
929 4007 1058 4102 glutinis
1076 4029 1174 4102 genus
1186 4004 1362 4101 applicatur
1371 4007 1463 4101 qnod
1484 4010 1642 4081 coullattx
1678 4042 1680 4083 ε

308 4102 433 4197 puriori
445 4098 547 4169 sarim
560 4097 651 4169 lento
664 4103 731 4198 igni
748 4103 865 4188 costa,
885 4107 937 4171 cni
948 4125 1075 4174 acetum
1087 4104 1249 4197 optimum
1260 4095 1449 4174 affitnditur.
1489 4107 1570 4178 Duo
1584 4127 1643 4177 m-

306 4192 1642 4390 lidii}izinilll‘iiildild‘dissilluxisti?ull

305 4387 392 4484 parri
410 4382 533 4456 affedlae
552 4383 781 4460 adhibendum.

354 4506 385 4552 2.
410 4480 498 4551 Folia
516 4480 617 4581 lappae
633 4504 689 4552 aut
705 4479 876 4593 personate
888 4508 922 4557 v.
942 4477 1098 4552 Baerdane
1119 4486 1154 4553 in
1176 4477 1251 4554 Sole
1267 4480 1421 4554 exsiccata
1434 4492 1470 4558 dc
1490 4490 1527 4558 in
1544 4484 1640 4585 palte·
1676 4484 1681 4549 ἶ

305 4597 415 4648 terem
427 4582 627 4648 comminuta
636 4574 883 4674 alexipharmaci
897 4578 974 4650 loco
986 4602 1099 4653 contra
1114 4601 1236 4653 venena
1255 4576 1376 4650 utiliter
1401 4577 1548 4655 adhiberi
1560 4581 1638 4655 tela·
1678 4644 1681 4651 .

209 4679 235 4705 '·
302 4672 424 4758 tuaest.
462 4670 714 4744 Dofiststunius
725 4672 882 4746 drachma
895 4678 1017 4773 pondus
1030 4680 1166 4749 invino.

346 4791 378 4859 ³·
402 4769 500 4872 Aqua
512 4767 672 4846 nineralit
683 4791 740 4868 per
759 4769 973 4872 AEolipilam,
991 4769 1048 4854 seu
1061 4777 1171 4876 potins
1194 4769 1394 4874 AEolopilam
1413 4774 1637 4882 erumpendi
1676 4758 1681 4777 ⁴
