3646 5430
297 378 646 457 'acroama
699 383 1176 469 maronianae
1395 410 1431 497 '5¹

78 475 192 579 (quod
211 499 251 549 ex
273 472 367 576 supra
381 481 470 549 diuo
488 484 706 578 experimento
732 482 866 554 eslluxus
885 510 976 583 aquae
1003 489 1020 558 ὲ
1046 490 1194 586 cylindro
1217 515 1249 584 35
1273 487 1427 589 pollicum
1442 502 1524 590 Hy:

74 578 140 652 alto
154 595 392 673 computatur:
420 576 432 659 )
451 576 533 645 adeo
553 597 588 644 ut
609 576 768 649 celeritate
791 603 882 674 aquae
903 587 944 651 ed
966 580 1066 680 usque
1083 585 1178 654 audld
1198 607 1234 655 ut
1248 590 1330 657 intra
1343 591 1427 660 idem
1444 592 1564 682 drusio}

73 697 201 771 tempus
210 674 306 741 unius
318 672 437 739 minuti
448 669 576 740 secundi
588 672 697 741 decem
710 672 826 769 pedum
841 671 975 772 spatium
988 679 1146 765 decurrat,
1158 685 1191 748 in
1204 681 1288 751 idem
1300 682 1430 780 planum
1446 691 1524 756 rica.

75 765 318 865 impressionem
342 789 432 861 4450
452 769 620 836 unciarum
639 765 761 839 faciat:
784 793 861 839 cum
890 770 1109 870 impressiones
1131 794 1188 844 aut
1209 780 1359 872 potentiae
1373 773 1436 850 sint
1516 761 1526 776 ’

75 888 109 936 ut
130 863 288 959 quadrata
300 860 522 934 velocitatum.

122 965 181 1032 Sic
205 962 259 1028 air
285 957 303 1027 ὲ
326 952 457 1027 follibus
478 980 516 1026 ea
541 961 574 1026 vi
597 957 746 1056 peillatus
766 983 854 1036 utro
876 962 970 1059 pedes
983 964 1065 1030 intra
1080 965 1241 1037 minutum
1263 966 1438 1044 secundum

76 1075 267 1159 percurrat,
280 1055 312 1121 in
358 1050 467 1121 lanum
485 1054 597 1122 itidem
615 1060 708 1125 unius
729 1059 814 1155 pedis
834 1057 980 1154 quadrati
992 1061 1147 1153 impadlur
1159 1089 1179 1150 9
1193 1068 1360 1134 unciarum
1371 1073 1438 1136 im-

79 1175 198 1251 petum
211 1145 294 1219 facit.
327 1077 460 1218 sladen
477 1152 561 1219 intra
575 1150 659 1219 idem
671 1172 797 1250 tempus
810 1179 852 1224 20
875 1152 969 1250 pedes
986 1175 1151 1249 peragret,
1174 1179 1211 1226 ut
1232 1181 1350 1232 ventus
1364 1184 1437 1231 me-

80 1248 202 1316 diocris
214 1239 288 1313 solet
306 1302 317 1330 ,
336 1246 382 1311 vis
410 1247 550 1342 impetus
572 1249 633 1316 erit
652 1258 689 1333 36
709 1253 877 1318 unciarum
892 1244 1069 1342 quadrupla
1082 1272 1199 1348 nempe
1213 1256 1336 1348 prioris·
1358 1258 1439 1352 Jam

84 1337 259 1437 quamlibet
277 1339 363 1408 alam
377 1337 555 1409 moletrinae
568 1368 603 1433 3²
617 1343 711 1439 pedes
725 1347 759 1411 in
773 1343 907 1440 longum
925 1349 958 1413 δε
987 1342 1065 1411 osto
1087 1349 1120 1413 in
1141 1345 1243 1416 latum
1264 1402 1275 1433 ,
1299 1343 1351 1419 seu
1378 1362 1438 1446 256

91 1436 181 1531 pede-s
195 1434 366 1530 quadratos
383 1430 500 1503 habere
517 1459 676 1530 ponamus
704 1493 715 1524 ,
737 1442 825 1508 venti
851 1433 1011 1534 impteffio
1036 1441 1070 1506 in
1088 1460 1191 1512 totam
1208 1440 1292 1511 alam
1318 1445 1439 1517 directe

88 1529 265 1628 oppositam
292 1533 353 1598 erit
375 1543 433 1618 57⁶
459 1526 613 1600 librarum
630 1557 639 1601 ε
656 1556 732 1602 nam
752 1546 790 1622 36
814 1536 915 1602 unciae
933 1531 1095 1603 ducenties
1111 1539 1322 1632 quinquagies
1342 1536 1439 1611 series

86 1629 118 1695 in
129 1648 169 1692 eo
186 1649 327 1693 numero
348 1637 409 1718 576
426 1621 512 1692 libris
527 1630 743 1701 continentur.
778 1629 841 1698 Sed
853 1630 929 1725 quia
942 1648 1054 1696 ventus
1068 1626 1152 1699 alam
1168 1654 1207 1700 ex
1228 1629 1366 1729 obliquo
1385 1634 1439 1706 fe.

83 1725 144 1805 rit,
165 1716 188 1788 fi
208 1743 366 1814 ponamus
382 1716 533 1817 angulum
553 1716 770 1793 semi-redium
784 1780 795 1811 ,
810 1728 870 1794 erit
883 1742 918 1791 ut
936 1723 986 1790 dia
1011 1720 1113 1793 unalis
1125 1726 1166 1794 ad
1181 1726 1326 1820 quadrati
1343 1730 1439 1816 latus,

80 1819 124 1885 ita
139 1829 200 1910 576
215 1811 302 1882 librae
315 1817 356 1883 ad
376 1839 428 1908 4¹¹
453 1824 463 1916 ξ
491 1839 499 1883 :
516 1817 596 1885 adeo
612 1837 648 1886 ut
663 1839 776 1887 ventus
791 1815 894 1914 qualis
910 1745 1038 1885 anesis
1053 1817 1171 1912 positus
1187 1822 1231 1888 est
1247 1875 1258 1903 ‚
1277 1845 1313 1891 ea
1331 1829 1364 1892 vi
1378 1823 1441 1892 sin·

78 1923 173 2023 gulas
186 1924 249 1993 alas
261 1948 300 1993 ex
312 1924 450 2018 obliquo
464 1924 556 1998 feriar
576 1955 585 1999 ε
612 1930 780 2026 complura
792 1929 855 2001 alia
874 1932 909 1998 in
921 1949 1080 2024 aquarum
1094 1928 1241 2004 duciibus
1250 1986 1262 2021 ,
1277 1939 1312 2005 dc
1322 1931 1440 2019 fallen,

80 2019 171 2092 tibus
183 2043 249 2091 uon
261 2020 387 2092 inutilia
400 2019 475 2092 hinc
496 2027 563 2092 erui
583 2021 722 2123 poliunt.

97 2219 1434 2258 Μ

496 2357 823 2443 CAPUT
927 2363 1027 2447 v1.

269 2580 327 2646 De
345 2534 696 2682 rebus—olgebrri'cis
713 2631 725 2672 ,
744 2570 965 2653 Geometricr's
985 2565 1272 2658 &Merianicr’a

89 2783 122 2851 1.
195 2778 248 2848 Sta
263 2779 393 2874 quidem
415 2782 455 2853 de
475 2776 870 2878 Physco-Mathematicis
886 2777 1106 2851 indcademia
1123 2776 1196 2851 sunt
1212 2781 1346 2878 agitata.
1382 2783 1540 2873 lusan.-

192 2880 286 2945 terim
300 2896 409 2949 tamen
422 2901 501 2978 pura
515 2872 667 2947 Mathefis
678 2878 823 2972 negledla
840 2897 908 2944 non
930 2872 992 2943 fuit
1011 2931 1021 2960 ‚
1049 2874 1102 2946 sed
1124 2875 1224 2948 multa
1244 2899 1345 2972 eaque
1361 2900 1438 2973 prae·
1454 2898 1565 2965 ,mma

84 2970 176 3043 clara
199 2975 232 3040 in
258 2994 296 3041 ea
322 2965 452 3046 scientia
467 2998 538 3068 quae
552 2972 612 3041 hac
629 2994 719 3041 aetate
737 2993 844 3042 tantos
866 2966 1042 3068 progressus
1060 2970 1164 3058 fecit,
1217 2994 1327 3067 uaeque
1358 2975 1438 3041 circa
1456 3013 1508 3067 α.
1555 2969 1561 2980 ’

85 3072 307 3163 quantitatem
323 3066 498 3142 universim
522 3061 697 3163 speciatam
714 3060 854 3135 versatur
870 3120 880 3151 ,
894 3061 979 3131 hanc
997 3063 1170 3161 Algebram
1192 2998 1363 3165 speciosam
1379 3088 1442 3137 vo.
1562 3054 1575 3088 ⁸

84 3186 165 3234 cant
178 3221 189 3252 ,
204 3161 305 3233 multa
327 3185 461 3261 quoque
474 3167 507 3232 in
517 3157 940 3246 Geometria,drithmetica
956 3165 987 3228 δι
1002 3184 1151 3232 motuum
1165 3159 1294 3234 scientia
1307 3160 1377 3230 sunt
1392 3164 1445 3230 in-

87 3280 201 3346 venta,
213 3278 269 3328 aut
287 3256 418 3354 longidr
432 3259 586 3357 proveda
602 3312 613 3343 ,
632 3280 702 3352 quae
715 3253 786 3326 satis
806 3251 904 3325 fuerit
919 3253 1031 3326 leviter
1055 3261 1230 3354 attingere,
1252 3281 1327 3327 curn
1341 3254 1446 3354 plera·

88 3376 156 3451 que
180 3357 271 3424 exiis
289 3356 371 3424 inter
387 3352 592 3424 Miscellanea
610 3374 665 3422 aut
684 3374 781 3448 opera
801 3347 972 3446 posthuma
984 3350 1103 3421 fuerint
1117 3349 1288 3447 publicata.
1495 3439 1502 3448 ἱ

138 3453 191 3520 Ac
206 3451 349 3546 primum
364 3450 495 3545 quidem
510 3454 556 3524 D.
576 3448 732 3518 Mariotte
752 3471 767 3515 r
813 3467 881 3514 atus
902 3444 1006 3516 fuerat
1018 3468 1054 3515 ut
1065 3446 1143 3514 duos
1166 3449 1329 3533 tractatus,
1347 3473 1449 3522 unum

90 3547 131 3617 dc
146 3539 290 3642 Algebra
307 3548 328 3612 a
352 3549 397 3618 D.
413 3543 573 3616 Brancher
592 3540 694 3614 nobili
721 3471 833 3636 Λιιέῗο
854 3545 977 3609 nonita
995 3540 1116 3634 pridem
1133 3534 1372 3634 conscriptum,
1401 3530 1471 3615 nl·'

93 3665 197 3714 terum
212 3640 529 3736 deTrigonometria
553 3639 575 3729 d
603 3644 649 3711 D.
674 3633 838 3708 Norvood
850 3655 950 3730 nuper
962 3635 1085 3702 editum
1102 3631 1274 3727 perlegeret
1296 3688 1307 3718 ,
1334 3659 1373 3705 ac
1408 3639 1448 3709 de

98 3758 235 3832 utroque
250 3734 330 3830 quid
355 3731 410 3804 fibi
431 3736 588 3806 videretur
605 3734 645 3803 ad
662 3729 871 3801 Academiam
897 3725 1049 3812 referret,
1067 3728 1153 3817 quod
1180 3727 1318 3823 prestitit
1333 3732 1383 3802 die
1412 3756 1449 3830 ²5

97 3832 172 3925 Julii
193 3841 227 3903 dc
257 3859 269 3901 r
295 3830 427 3925 Augusti
451 3863 461 3917 3
484 3850 657 3926 utrumque
685 3851 766 3924 opus
800 3821 956 3893 methodo
984 3823 1128 3919 expedita
1152 3819 1350 3896 elaboratum
1371 3855 1450 3900 cen.

105 3925 185 4012 suit,
203 3949 274 4023 qua:
296 3929 331 3994 in
357 3929 395 3995 iis
414 3924 501 3996 libris
518 3922 616 3997 essent
637 3921 857 4021 pertusiam,
887 3942 1024 4017 quaque
1035 3913 1102 3989 usui
1120 3916 1229 3989 futura
1243 3920 1452 4015 viderentur,

103 4044 461 4210 apeIrliquadraturam
476 4115 667 4218 hyperboles
686 4115 707 4185 d
728 4119 773 4187 D.
788 4116 973 4185 Mercatore
989 4106 1133 4207 primtlm
1149 4111 1365 4210 propositam,
1380 4074 1454 4185 tum
1552 4122 1562 4139 ”

96 4214 121 4287 d
142 4215 197 4284 D.
216 4213 332 4284 Vrallis
344 4215 535 4312 explicatam
555 4223 589 4287 dc
612 4213 790 4282 correstam
816 4264 828 4295 ,
857 4234 896 4280 ac
917 4208 1044 4278 tandem
1066 4206 1087 4275 a
1109 4211 1154 4281 D.
1182 4213 1317 4305 lingens
1341 4208 1457 4279 multia

97 4312 231 4381 audiam
245 4308 562 4382 demonstrationibus
578 4368 588 4397 ,
611 4331 681 4379 tum
695 4329 766 4402 quae
779 4307 817 4375 ad
832 4304 924 4381 huius
940 4305 986 4372 tei
1003 4301 1245 4398 intelligentiam
1257 4299 1328 4374 sunt
1344 4297 1455 4373 neccs-

98 4402 201 4492 saria,
221 4399 354 4498 ipsemet
367 4402 533 4502 exposuit:
558 4404 650 4478 limul
664 4426 764 4499 quam
779 4402 863 4473 utilis
876 4396 913 4472 fit
929 4397 997 4468 haec
1016 4395 1208 4496 hyperboles
1225 4398 1379 4470 dimensio
1400 4404 1456 4468 in·

98 4501 264 4574 teniendis
284 4501 499 4589 Logarithmis
515 4503 659 4575 ostendit.

148 4601 209 4669 Ill.
244 4599 355 4666 Paucis
377 4597 446 4692 post
469 4596 579 4670 diebus
611 4620 676 4693 qua
702 4599 826 4668 ratione
852 4592 1004 4690 regularis
1015 4588 1336 4685 aequatio,cujuscun
1362 4611 1402 4659 ue
1418 4589 1460 4664 su

100 4690 290 4789 gradus,de
314 4695 386 4761 rimi
412 4689 509 4790 pollit
534 4699 579 4767 D.
597 4694 636 4762 de
658 4690 823 4763 Roberval
846 4691 1005 4776 edocuit,
1029 4690 1060 4759 id
1086 4712 1125 4759 ue
1146 4693 1229 4758 inter
1251 4613 1459 4793 Miscillanca

98 4784 255 4895 inditum
279 4881 295 4894 „
320 4791 371 4880 't‚
394 4793 443 4863 uti
472 4794 507 4864 δι
534 4787 673 4898 ejusdcm
697 4789 851 4882 ductoria
872 4789 1044 4862 Tradetur
1062 4714 1107 4856 ic
1128 4787 1254 4949 ratiorg
1277 4780 1464 4893 inveniendi

1217 4956 1223 4965 .
1287 4897 1313 4969 ¹1
