3646 5430
362 361 697 436 ACADEMIAE
763 361 1274 438 illuminemur.
1459 382 1519 449 Η

165 445 249 530 disin
268 461 414 554 proxime
428 457 566 530 involvit
581 492 590 547 3
604 457 668 528 hoc
682 456 807 553 liquore
823 455 940 529 foeturn
952 456 994 529 ali
1013 455 1114 529 multa
1128 456 1269 554 probant
1289 457 1406 530 indicia
1416 514 1427 546 ,
1437 388 1517 530 illaid
1533 457 1635 536 Ana«,

167 578 231 650 prae
243 557 362 624 ceteris
376 610 386 640 ,
401 556 493 649 quod
510 553 629 648 liquori
652 557 708 646 qui
722 553 902 625 ventriculo
926 551 1058 624 formati
1082 551 1182 625 fetos
1200 559 1381 627 continetur
1401 612 1412 643 ,
1442 559 1468 624 is
1484 548 1522 623 stc
1537 571 1616 640 rom<

167 647 343 719 consmilis
355 704 364 732 ,
375 645 464 744 isque
478 673 513 722 ut
525 646 693 718 verifimile
706 648 776 732 est,
797 672 853 741 per
867 674 904 719 os
915 646 1011 718 subiit
1026 653 1058 718 in
1080 649 1305 721 ventriculum.
1345 653 1407 722 Sed
1423 669 1528 746 preter
1563 657 1567 665 “

166 738 253 813 hanc
270 743 514 833 membranam,
530 753 561 815 δι
578 741 713 813 alteram
725 798 737 829 ,
750 745 816 840 qud
829 745 965 815 Amnios
977 742 1183 831 involvitur,
1207 751 1299 816 tertia
1320 747 1469 843 quadam
1488 742 1533 812 est

165 841 266 911 urinae
283 839 548 937 receptaculum,
571 837 709 910 unde&
730 835 920 928 membrana⁴
941 841 1085 909 urinariae
1098 863 1219 908 nomen
1240 845 1375 939 accepit·
1416 831 1534 912 versus

166 934 350 1028 placentam
368 990 379 1020 ,
401 936 434 1003 in
445 936 508 1029 quir
522 933 631 1005 succus
641 937 789 1005 nutritius
799 934 979 1029 percolatur
993 990 1008 1021 ,
1026 959 1063 1004 ea
1075 933 1120 1003 est
1132 932 1301 1008 collocata.
1339 944 1462 1010 Verum
1474 928 1532 1007 hic

167 1025 310 1101 seoffert
322 1053 389 1100 non
401 1021 572 1124 spernenda
587 1024 766 1101 difficultas.
804 1031 892 1101 Nam
912 1027 940 1099 st
960 1053 1008 1099 res
1024 1032 1068 1100 ita
1084 1019 1116 1097 se
1137 1026 1251 1100 babeat
1264 1027 1394 1117 ,fitecus
1406 1032 1459 1102 ille
1478 1027 1533 1102 ali·

164 1130 333 1196 mentirius
352 1125 513 1221 liquorem
527 1121 714 1194 membrana
726 1121 865 1194 urinariai
880 1145 1068 1195 contentum
1080 1123 1230 1220 pervadet
1245 1179 1256 1211 ,
1269 1151 1337 1221 qno
1347 1128 1532 1222 inquinatus

168 1243 302 1291 omnem
315 1217 403 1290 suam
426 1217 656 1316 benignitatem
677 1221 815 1291 amittet.
852 1219 1015 1290 Existimat
1030 1223 1075 1291 D.
1097 1221 1231 1315 Tauvry
1253 1220 1449 1292 membranae
1461 1246 1533 1319 quae

167 1315 308 1385 Amnios
334 1317 450 1385 dicitur
470 1319 641 1385 cavitatem
665 1315 775 1409 primis
792 1309 996 1383 formationis
1012 1309 1211 1411 temporibus
1230 1310 1325 1386 succo
1339 1315 1534 1389 alimenricio

167 1408 320 1504 impleri,
335 1435 409 1481 curn
421 1408 578 1479 nullusest
590 1411 623 1474 in
638 1402 824 1478 membranei
841 1409 978 1478 urinarib
997 1406 1164 1503 liquor,ed
1175 1413 1252 1477 vero
1266 1411 1387 1506 repleti
1399 1420 1432 1484 δι
1449 1411 1540 1484 foetu

167 1510 234 1593 jam
251 1505 398 1574 validiori
416 1502 602 1574 membrana
615 1503 752 1572 urinaria
764 1503 892 1594 impleri
907 1525 978 1573 rum
987 1507 1122 1600 incipit,
1147 1504 1282 1572 Amnios
1299 1503 1378 1575 nibil
1396 1508 1541 1604 amplius

167 1597 314 1670 alimenti
328 1602 366 1669 ad
380 1596 410 1667 se
428 1593 608 1683 trabit,sed
626 1601 660 1666 in
677 1596 717 1666 eb
734 1597 822 1692 quasi
833 1604 866 1668 in
879 1599 959 1668 cella
972 1602 1123 1696 penuaria
1144 1595 1333 1670 alimentum
1353 1601 1392 1670 ad
1406 1624 1534 1699 pareunt

169 1688 271 1786 usqne
295 1691 500 1764 necessatium
524 1689 708 1765 asservatur.
735 1692 838 1784 quue
861 1718 899 1762 ex
919 1716 961 1763 eo
981 1689 1166 1762 confirmari
1186 1693 1288 1788 potest
1308 1696 1396 1787 quod
1423 1700 1532 1767 urina-

170 1790 217 1854 ria
237 1788 279 1856 τὸ
305 1788 429 1886 plenior
450 1783 513 1874 fir,
530 1788 598 1883 quo
621 1783 719 1857 foetus
741 1787 785 1855 est
803 1789 1013 1884 provesiior,
1033 1808 1168 1883 tumque
1190 1791 1436 1888 Amniosmagis
1456 1795 1531 1865 ina.

172 1902 275 1954 nitur.

224 1978 313 2047 Cum
326 1975 365 2044 de
382 2000 480 2048 motu
490 1973 647 2075 sanguinis
665 1980 699 2047 in
720 1974 804 2051 fretu
820 1979 1008 2050 Anatomici
1027 2002 1102 2049 cum
1117 1977 1303 2051 Academici
1319 2002 1409 2069 ,rum
1430 1990 1535 2056 exteri·

169 2075 293 2165 magni.
307 2078 515 2143 contentione
552 2095 729 2168 ugnarcnt,
744 2080 863 2144 interea
887 2079 930 2145 D.
950 2075 992 2145 du
1005 2082 1134 2172 Verney
1147 2079 1179 2146 in
1195 2081 1295 2146 veteri
1314 2083 1533 2153 &communi

167 2161 325 2238 sententia
345 2168 384 2237 de
397 2162 454 2237 usu
470 2099 571 2237 ovalis
587 2165 753 2240 foraminis
769 2167 948 2267 perstabat,
966 2195 1072 2265 neque
1086 2176 1112 2241 is
1132 2192 1238 2243 tamen
1248 2169 1378 2258 otiosus,
1391 2181 1423 2245 ot
1440 2170 1536 2271 quasi

167 2257 332 2331 infinuatis
344 2261 491 2334 manibus
506 2260 666 2332 manebat.
692 2266 780 2334 Cum
795 2288 903 2334 autem
919 2261 1096 2360 persuasum
1108 2264 1238 2335 liaberet
1260 2270 1366 2338 cordis
1378 2271 1410 2337 in
1431 2270 1533 2348 tesiu-

169 2354 246 2423 dine
262 2357 472 2443 strudlurant,
486 2355 541 2425 ubi
557 2350 681 2451 sanguis
702 2361 721 2425 ὀ
737 2354 804 2427 finu
820 2355 948 2428 finistro·
961 2363 994 2428 in
1008 2359 1154 2428 dextrum
1169 2382 1224 2455 per
1242 2385 1391 2455 apertum
1413 2363 1535 2437 ostium·

168 2450 431 2538 commeat,hanc
444 2449 643 2521 occasionem
661 2450 822 2547 praebuiiie
843 2456 887 2524 D.
904 2457 1000 2548 Mery
1013 2477 1048 2522 ut
1061 2449 1194 2549 systema
1209 2451 1300 2524 suum
1313 2456 1353 2523 de
1363 2457 1538 2547 sirudiura,

168 2550 204 2615 dc
220 2542 276 2614 usu
289 2545 390 2616 ovalis
409 2542 576 2616 foraminis
590 2549 623 2613 in
636 2544 719 2616 fretu
733 2549 952 2642 excogitaret,
967 2550 1053 2617 adeo
1061 2571 1097 2617 ut
1110 2549 1195 2618 idem
1215 2572 1296 2646 pene
1314 2547 1389 2622 esser
1402 2550 1529 2623 utrobi.

167 2662 236 2733 que
249 2636 408 2737 sanguinis
427 2662 553 2718 motus,
570 2641 677 2713 Dadu
689 2648 817 2739 Verney
834 2645 939 2714 cordis
952 2640 1175 2713 mechanicam
1189 2648 1221 2714 in
1239 2645 1393 2716 testudine
1404 2649 1537 2716 intento·

170 2739 285 2805 animo
299 2738 472 2833 expendit,
489 2738 587 2832 idque
609 2742 642 2807 in
664 2737 813 2832 peculiari
831 2736 1044 2809 dissertatione
1063 2763 1134 2832 quae
1155 2741 1237 2811 inter
1257 2742 1436 2810 Academia
1457 2745 1536 2815 aste

164 2830 215 2900 ‚cst
228 2830 529 2929 edita,probandum
541 2828 674 2928 suscepit
687 2889 697 2920 ,
711 2857 748 2902 ex
763 2835 1034 2904 cordistesiudibis
1048 2831 1169 2903 fabrici
1181 2860 1246 2903 non
1264 2835 1335 2906 satis
1349 2833 1441 2905 firma
1457 2839 1537 2909 duci?

195 2925 259 2996 olle
278 2948 465 3026 argumenta
485 2983 500 3014 ,.
521 2930 561 3001 ad
584 2951 711 3000 motum
735 2926 892 3025 sautguinis
907 2934 940 3000 in
957 2928 1041 2999 foeru
1055 2929 1204 2999 humano·
1218 2928 1415 3002 coufimilem
1435 2929 1530 3003 stabit

169 2952 325 3096 liendum.
688 3104 691 3111 Ι
1469 3029 1473 3035 ’

215 3127 248 3190 V
257 3124 283 3190 1.
311 3126 435 3193 interea
446 3124 496 3190 vir
510 3121 688 3191 eruditione
701 3122 876 3220 &ingenio
889 3125 1033 3221 praestans
1046 3121 1301 3197 D..Cliemineau
1313 3121 1442 3192 Dostor
1455 3124 1530 3193 Me·

169 3213 260 3282 dicus
278 3241 334 3285 cor
352 3216 449 3289 scetus
467 3215 623 3302 humani,
642 3222 731 3307 cujus
743 3215 896 3288 stmstura
914 3225 1050 3289 omnino
1067 3243 1135 3290 erar
1149 3213 1314 3314 singularis
1337 3271 1347 3302 ,
1374 3226 1407 3290 &
1428 3217 1530 3314 quaefi

168 3312 252 3379 tioni
265 3312 305 3380 de
319 3312 408 3383 ovali
431 3310 589 3382 foramine
618 3307 775 3381 solvende.
786 3315 900 3384 idonea
916 3311 1081 3386 videbatur
1101 3371 1111 3400 ,
1142 3337 1252 3382 coram
1267 3310 1422 3386 exhibuit.
1459 3316 1530 3390 Cos

169 3410 259 3476 enim
278 3403 356 3475 illnd
373 3404 473 3476 tribus
490 3406 693 3488 ventriculis,
707 3412 764 3500 qui
778 3412 861 3475 inter
874 3405 906 3476 se
920 3408 1227 3490 communicabant,
1250 3404 1438 3477 instructum
1450 3432 1531 3494 erat,

168 3498 238 3570 fere
252 3523 288 3571 ut
299 3506 332 3570 in
345 3501 512 3573 testudine.
528 3507 654 3571 venam
668 3522 783 3568 cavana
801 3501 908 3569 dexter
923 3499 1003 3570 finus
1013 3501 1212 3596 caeipiebat,
1230 3523 1300 3568 non·
1310 3504 1387 3569 item
1403 3501 1530 3594 pulmo»

169 3599 220 3666 nis
238 3601 387 3667 arteriam
400 3631 416 3685 5
427 3619 508 3664 vena
524 3593 685 3691 pulmonis
698 3596 731 3661 in
745 3591 847 3663 sinum
862 3591 1017 3664 sinistrum
1031 3592 1061 3664 st
1076 3592 1266 3664 exonerabat
1283 3648 1299 3679 ,.
1310 3617 1414 3688 neque
1428 3619 1466 3664 ex
1487 3620 1529 3666 eo
1568 3614 1571 3620 '

170 3717 260 3763 aorta
275 3750 285 3778 ‚
301 3717 336 3763 ut
348 3696 380 3762 in
396 3690 464 3762 aliis
481 3687 633 3760 omnibus
650 3723 659 3776 3
685 3683 737 3757 sed
752 3710 885 3784 utraque
899 3693 1018 3762 arteria
1033 3697 1066 3762 &
1080 3702 1169 3760 aotta
1183 3697 1215 3760 bc
1228 3689 1530 3783 pulmonaristertio

170 3788 452 3858 ventriculoerant
465 3784 659 3882 implantatae
674 3783 858 3871 reinserta,
875 3808 973 3880 arque
988 3809 1098 3857 earum
1114 3785 1191 3854 ostia
1208 3782 1250 3854 stc
1268 3808 1357 3855 erant
1370 3783 1530 3884 disposita,

170 3905 207 3953 ut
233 3881 355 3980 sanguis
382 3885 400 3954 d
427 3882 496 3953 sinu
509 3883 625 3950 dextro
637 3885 671 3948 in
687 3885 822 3950 tertium¹
824 3879 1009 4042 spelleretur
1032 3937 1042 3967 ,
1084 3886 1172 3950 viam
1192 3878 1387 3974 pnlrnonaris
1407 3887 1536 3955 arteria

169 3982 257 4050 reeta
274 3976 448 4066 infisierer,
465 3985 497 4046 δι
514 3974 635 4071 samguis
649 3975 670 4044 a
682 3972 807 4045 sutistro
836 3999 890 4042 rnu
908 3981 1085 4048 intertium
1109 3975 1196 4044 hunc
1215 3974 1428 4044 ventriculum
1449 4002 1530 4047 exo-

111 4078 130 4087 ”
168 4095 460 4148 netarustruncum
471 4093 568 4142 aortae
582 4067 679 4140 facile
694 4065 824 4141 subiret.
858 4068 979 4140 Nullus
996 4093 1064 4145 erat
1083 4067 1210 4144 canalis·
1224 4074 1530 4146 communicationis

168 4177 254 4242 inter
272 4170 421 4239 arteriam
441 4165 853 4266 pulmonarem&aortam
876 4162 1128 4241 descendentem.
1166 4163 1331 4236 Pulmonis
1356 4168 1470 4235 arteria
1496 4173 1536 4239 ia·
1585 4182 1592 4213 ’

169 4263 243 4366 ipso
255 4267 341 4333 exitu
362 4262 467 4333 multo
482 4265 588 4332 minor
603 4283 693 4348 erat,
708 4284 807 4356 quam
821 4263 855 4330 in
872 4258 997 4331 duobus
1013 4268 1111 4335 ramis
1125 4319 1137 4350 ,
1150 4264 1188 4331 in
1203 4282 1285 4355 quos
1295 4281 1427 4330 truncus
1446 4261 1531 4336 divit.

168 4367 219 4437 sus
241 4359 330 4442 fuit,
354 4359 524 4453 postquam
540 4352 634 4427 subiit
647 4357 816 4452 pulmones
834 4378 987 4440 ptruncus
1004 4356 1068 4456 ipse
1082 4383 1152 4457 pars
1163 4378 1232 4428 erar
1243 4353 1470 4424 tantummodo
1484 4359 1532 4430 ds

171 4460 269 4530 midia
284 4447 436 4548 cuiuspue
452 4455 544 4524 rami.
568 4455 614 4520 [a
626 4475 694 4544 quo
711 4453 744 4521 id
755 4449 921 4524 videbatur
943 4447 1033 4549 sequi
1048 4476 1219 4525 exeuntem
1239 4457 1258 4520 e
1283 4449 1378 4520 corde
1396 4455 1437 4519 in
1456 4451 1530 4553 pul·

170 4576 285 4625 mones
298 4547 483 4644 sanguinem
497 4546 579 4643 agri
598 4569 653 4617 eos
666 4546 836 4640 pervadere
849 4603 858 4632 ,
872 4549 957 4620 adeo
966 4573 1034 4620 uec
1098 4572 1182 4619 retur
1196 4569 1302 4617 ramos
1319 4548 1439 4617 aneriae
1461 4547 1533 4646 pulr

169 4650 312 4722 moriaris
332 4644 473 4714 dilatare.
510 4645 564 4711 Sic
576 4661 673 4711 aortae
692 4639 845 4714 diameter
857 4641 954 4742 dupla
974 4666 1042 4715 erat
1076 4646 1204 4714 iametri
1224 4644 1344 4712 arteria
1359 4639 1533 4738 pulmona-

167 4748 229 4839 rir.
264 4745 346 4838 Qae
361 4738 498 4840 quidem
511 4741 557 4816 D.
575 4739 674 4835 Merv
686 4732 845 4841 sententia
858 4763 928 4815 non
942 4740 1088 4817 videntur
1102 4733 1268 4843 suffragari
1282 4731 1356 4906 ezsed
1373 4761 1429 4813 cor
1451 4737 1536 4819 illud

1320 4854 1374 4909 22
