3646 5430
387 358 740 439 ACADEMIAE
795 367 1125 446 HISTORIA.
1157 374 1273 449 [rm.
1500 391 1535 479 ε,

215 456 395 536 confimili
413 467 449 532 in
470 459 805 536 naturaeffrctuhuic
819 491 916 562 quern
938 472 1076 562 gravitas
1103 470 1225 566 praestat
1251 480 1384 544 invento
1412 530 1422 562 ,
1458 474 1535 552 illud
1554 501 1607 571 125

167 559 396 657 inquirendum
411 563 505 629 restat
517 584 558 628 an
574 556 660 630 forte
686 561 838 655 quiddam
857 567 890 631 in
903 562 1089 634 elementari
1106 564 1208 662 globo
1227 591 1295 636 non
1311 565 1453 644 absm'le
1474 601 1534 646 oc·
1546 607 1666 692 gram.

166 677 271 726 currat
286 688 296 742 3
310 679 353 724 an
367 676 478 725 motus
492 653 628 739 alicujus
645 661 784 727 materia
796 655 900 728 versus
914 681 1060 729 centrum
1070 661 1236 755 protendat
1247 686 1384 762 corpora
1403 658 1533 742 cralllo·
1550 710 1618 760 rm
1660 672 1666 687 ’

166 776 218 839 ta,
240 776 285 821 an
298 749 361 821 alia
373 754 540 846 grauitatis
554 748 764 847 phaenomena
780 751 855 823 hinc
872 751 1023 848 explicari
1039 750 1182 852 poffintt
1619 747 1631 772 ⁸

207 848 302 918 Xlll·
341 844 444 943 Qod
458 841 480 914 sr
494 841 563 915 sola
575 842 612 914 fir
627 847 738 915 mundi
751 847 954 920 elementaris
973 849 1118 919 diurnaa
1143 855 1255 943 itatio,
1271 860 1304 927 in
1323 855 1447 930 easdem
1461 888 1535 958 par·

167 965 210 1015 tes
225 940 397 1014 conversio
415 963 540 1010 terrena
555 966 692 1037 corpora
704 937 813 1012 secum
824 943 980 1041 abripiet,
997 968 1033 1015 ut
1049 949 1081 1013 in
1133 947 1199 1018 lato
1216 957 1436 1050 experimento
1448 983 1534 1052 aqua

169 1041 340 1138 pulverem
354 1037 493 1106 buxeum
514 1042 580 1106 una
593 1033 700 1105 secum
713 1037 802 1108 vehit
815 1064 824 1108 :
842 1063 903 1109 nec
916 1062 1024 1109 tarnen
1035 1048 1078 1110 ita
1093 1040 1141 1115 fit.
1177 1049 1448 1148 Deindecorpora
1460 1078 1535 1148 quae

169 1139 342 1204 communi
357 1132 425 1202 huic
440 1136 582 1202 motioni
598 1129 832 1222 obluctantur,
847 1158 912 1203 non
925 1135 966 1204 ad
981 1159 1126 1205 centrum
1141 1196 1152 1225 ,
1174 1137 1227 1210 sed
1246 1140 1353 1212 versus
1364 1171 1455 1216 axem
1468 1170 1534 1218 ter.

169 1255 208 1299 ra
226 1253 288 1326 per
302 1232 395 1299 rectas
408 1228 449 1298 ad
474 1252 567 1297 axem
583 1228 694 1296 mundi
719 1228 994 1326 perpendiculares
1013 1236 1059 1300 im
1102 1232 1239 1308 llentur:
1265 1238 1297 1306 id
1310 1264 1441 1336 quoque
1456 1268 1533 1316 cum

169 1329 363 1423 experientia
388 1345 535 1421 pugnat:
557 1347 625 1392 non
639 1327 736 1419 igitur
755 1347 794 1394 cx
815 1324 870 1396 illa
894 1323 1063 1423 hypotber
1088 1330 1207 1400 diurnae
1235 1338 1398 1432 vertiginis
1417 1360 1532 1427 terrae,

173 1444 284 1490 morus
296 1425 440 1516 gravium
454 1412 528 1489 satis
540 1420 616 1514 apte
631 1417 809 1495 deducitur.
1044 1440 1048 1446 ’

223 1522 309 1590 xiv.
341 1522 454 1608 Qarc
468 1535 504 1583 ut
519 1514 672 1610 quiddam
685 1510 856 1588 verifimile
876 1517 968 1590 statui
985 1516 1101 1616 polilt,
1122 1546 1279 1617 ponamus
1303 1520 1436 1623 spatium
1452 1531 1532 1604 illud

176 1637 268 1683 omne
282 1611 486 1708 Sphaericum
508 1632 597 1680 terrae
619 1607 848 1682 circumfusum
873 1614 970 1686 fluida
1000 1617 1134 1687 material
1158 1645 1196 1688 tx
1222 1621 1435 1696 minutissimis
1453 1653 1531 1697 cor-

172 1707 307 1805 pusculis
324 1704 492 1790 conflati,
516 1713 549 1777 &
571 1707 659 1776 varie
679 1708 713 1774 in
739 1733 851 1778 omncs
872 1732 975 1805 partes
999 1715 1118 1801 agitata
1144 1716 1312 1812 compleri.
1359 1720 1445 1791 Cum
1462 1722 1530 1794 haec

170 1808 304 1875 materia
334 1827 373 1872 ex
405 1828 447 1873 eo
473 1799 574 1900 spatio
592 1807 677 1873 exire
700 1826 862 1898 nequeat,
885 1809 973 1900 quod
998 1786 1122 1877 obssent
1145 1815 1348 1898 circumjecta
1368 1841 1531 1913 corpora,

170 1924 277 1971 motus
294 1899 379 1969 illius
398 1904 537 1968 materia
550 1903 755 1996 quantumvis
766 1898 877 1969 diversi
892 1905 926 1970 in
945 1901 1112 2001 Sphaericis
1126 1900 1345 2000 superficiebus
1359 1915 1443 1979 cirea
1458 1937 1534 1982 cen.

169 2016 253 2066 trum
268 1995 354 2066 illius
367 1992 458 2094 spatii
475 1999 616 2065 maxima
630 2019 671 2065 ex
693 2017 781 2090 parte
798 2020 1007 2095 peragentur,
1025 1997 1115 2091 qubd
1130 2005 1269 2070 materiae
1283 2028 1323 2072 eo
1338 2002 1442 2103 spatio
1453 2033 1533 2080 con.

171 2087 259 2162 ciust
282 2090 445 2162 faciliores
465 2085 527 2161 fint
545 2111 653 2161 motus
679 2089 852 2161 circulares
879 2149 890 2181 ,
913 2095 1015 2188 quarn
1038 2089 1061 2161 st
1085 2096 1163 2164 recti
1194 2093 1303 2171 essent.
1341 2106 1387 2174 Hi
1413 2110 1535 2204 quippe

171 2184 227 2257 libi
248 2193 368 2258 mutuo
393 2183 665 2274 adversarentur,
689 2209 787 2280 atque
811 2213 849 2257 ex
868 2187 1039 2260 reflexione
1057 2187 1122 2286 ipsa
1147 2248 1157 2277 ,
1180 2217 1254 2262 cum
1277 2194 1403 2267 inclusae
1430 2225 1535 2272 mate·

171 2288 224 2352 riae
246 2283 354 2354 nullus
380 2286 471 2354 detur
498 2288 634 2368 exitus,
673 2305 781 2354 motus
823 2282 870 2353 illi
901 2286 979 2354 tesbi
1014 2290 1047 2355 in
1088 2285 1256 2357 circulares
1295 2316 1534 2368 convertentur.
1614 2370 1622 2379 ,

171 2384 251 2450 Hoc
268 2379 377 2450 videre
388 2380 433 2452 est
449 2382 483 2448 in
509 2376 699 2476 probatione
720 2383 845 2473 argenti
868 2404 923 2478 per
942 2380 1100 2476 cupellam
1128 2407 1136 2449 ε
1162 2406 1237 2449 nam
1255 2385 1404 2480 globulus
1423 2389 1535 2488 plum-

171 2472 202 2546 bi
217 2481 273 2546 cui
286 2476 459 2546 admistum
477 2476 519 2545 ell
539 2499 731 2571 argentum,
747 2477 829 2570 ignis
851 2474 957 2544 calore
981 2479 1065 2543 circa
1086 2470 1177 2545 suum
1205 2499 1349 2549 centrum
1375 2486 1477 2554 modo
1500 2493 1534 2558 in

170 2593 300 2657 unam,
321 2573 425 2641 modo
438 2569 572 2640 italiam
595 2595 719 2669 partem
740 2594 839 2662 quam
861 2565 1007 2640 citissime*
1022 2591 1124 2666 gyrat.
1163 2572 1252 2641 Idem
1275 2575 1391 2645 accidit
1411 2582 1442 2647 in
1469 2579 1534 2652 sebi

199 2665 332 2751 uttula‚
351 2692 423 2739 cum
441 2663 573 2736 flammae
594 2660 731 2737 accensa
749 2664 885 2736 candelae
899 2666 1100 2736 admovetur.
1135 2664 1197 2738 Etsi
1224 2691 1328 2739 motus
1352 2669 1398 2742 illi
1427 2679 1535 2744 circu-

174 2690 259 2832 lares
278 2767 311 2831 in
324 2759 455 2833 diversas
469 2785 571 2860 partes
588 2765 651 2833 aeti
665 2757 720 2831 sibi
735 2767 851 2832 mutuo
871 2762 1017 2833 videntur
1030 2758 1177 2850 obstare,
1204 2790 1319 2863 magna
1334 2788 1441 2840 tamen
1457 2768 1536 2841 sub-

173 2859 296 2927 stantia:
318 2859 459 2929 aethereae
479 2857 662 2943 mobilitas,
683 2866 716 2929 dc
744 2856 953 2928 minutiffima
977 2854 1093 2950 quibus
1118 2861 1241 2932 constat
1264 2859 1478 2961 corpuscula,
1500 2872 1533 2940 in

174 2951 265 3024 causa
280 2950 387 3043 sunt‘,
420 2978 477 3024 cur
505 2977 573 3024 tam
595 2949 730 3024 diversas
752 2957 943 3048 agitationes
968 2951 1081 3036 serat,
1111 2961 1146 3025 dc
1171 2981 1266 3051 penes
1289 2963 1391 3029 varias
1412 2987 1532 3058 corpo.

172 3074 243 3120 tum
256 3047 465 3137 collisiones,
486 3049 527 3121 ad
550 3053 699 3146 quamvis
715 3044 956 3144 imprellloncm
975 3051 1194 3145 excipiendam
1209 3048 1245 3122 srt
1263 3077 1393 3151 parata:
1416 3054 1466 3126 sed
1482 3083 1533 3129 ta·

173 3171 246 3217 men
262 3145 436 3218 circulares
448 3165 557 3216 motus
570 3151 655 3217 circa
667 3168 784 3216 terram
799 3145 917 3214 caetetis
937 3142 1088 3215 omnibus
1102 3141 1170 3217 sunt
1184 3153 1345 3245 potiores,
1359 3159 1391 3222 dt
1409 3157 1441 3222 vi
1460 3179 1534 3239 ma-

173 3251 240 3336 jore
254 3246 432 3317 donantur.

213 3347 305 3415 XV.
336 3340 440 3438 Qod
463 3338 600 3438 frigitur
622 3336 783 3412 crassiores
810 3341 956 3438 quaedam
995 3362 1099 3438 partes
1125 3338 1254 3414 alterius
1277 3352 1417 3419 materie
1438 3407 1448 3437 ,
1477 3375 1534 3426 aut

172 3433 239 3507 aliae
265 3437 340 3509 aliis
363 3435 543 3535 implicatae
559 3433 716 3525 obstent,
748 3433 926 3532 quomintls
963 3437 1077 3532 rapidae
1109 3436 1192 3506 illius
1227 3446 1365 3510 materia
1393 3451 1534 3518 motioni

172 3530 417 3631 obsequantur,
439 3533 542 3603 versus
564 3557 710 3604 centrum
733 3530 842 3600 mottls
859 3530 916 3600 has
929 3533 1012 3602 trudi
1026 3527 1213 3605 necesseest.
1240 3535 1339 3623 Cujus
1362 3541 1407 3604 rei
1420 3540 1532 3611 eadem

176 3629 333 3715 cletario,
347 3626 750 3724 quaeallatiexperimenti·
784 3631 948 3725 roirca
966 3621 1142 3713 cuiusmodi
1155 3632 1296 3720 corporis
1310 3634 1446 3720 gravitas
1465 3656 1533 3705 non

180 3721 260 3794 aliud
279 3725 437 3821 quiddam
451 3725 495 3794 est
507 3722 607 3821 quam
626 3727 718 3794 adlio
736 3721 841 3795 fluidae
861 3724 993 3811 materie
1010 3722 1095 3788 circa
1112 3718 1233 3791 telluris
1249 3716 1393 3792 'centrum
1411 3730 1443 3796 in
1456 3754 1532 3798 om·

181 3841 238 3888 nes
259 3844 361 3919 patres
381 3825 534 3916 agitata,
558 3823 624 3916 qua
645 3823 666 3891 d
685 3843 797 3891 centro
818 3817 961 3889 recedere
979 3819 1117 3904 nititur,
1141 3825 1175 3889 dc
1192 3812 1299 3887 minrls
1322 3812 1470 3916 sequaces
1498 3828 1532 3895 in

179 3907 274 3985 suurn
287 3915 395 3988 locum
408 3913 576 3990 substituit.
613 3917 700 3986 Cum
711 3920 801 3987 enim
813 3939 849 3984 ea
863 3938 1001 4012 corpora
1015 3911 1059 3982 ob
1076 3921 1233 4002 majorem
1248 3912 1370 3984 molem
1392 3925 1535 3993 materiae

175 4012 213 4079 t'n
232 4036 341 4082 omnes
354 4036 456 4111 partes
467 4017 593 4108 agitatre
604 4017 705 4083 varias
719 4007 959 4110 impressiones,
974 4018 1007 4083 &
1026 4005 1098 4109 sepe
1117 4006 1173 4082 fibi
1185 4006 1326 4082 adversas
1349 4020 1533 4115 excipiant,

172 4104 294 4179 morils
313 4111 488 4179 communis
500 4105 737 4203 impressionem
753 4113 917 4178 amittunt.

223 4209 260 4276 X
264 4207 326 4277 VI.
352 4205 455 4302 Atque
470 4204 525 4275 ista
541 4201 705 4276 intelledbu
719 4228 786 4277 non
801 4200 871 4274 sunt
882 4199 1043 4296 difficilia,
1056 4199 1077 4271 sr
1102 4199 1259 4274 infinitam
1287 4210 1392 4303 prope'
1403 4203 1534 4304 corpus·

175 4299 349 4387 culorum,
374 4299 490 4396 quibus
510 4304 641 4372 materia
663 4306 826 4398 gravitatis
841 4293 985 4367 effectrix
1010 4300 1132 4373 constat
1155 4354 1166 4377 ,
1191 4304 1397 4396 exiguitatem
1415 4307 1534 4374 acriori

175 4404 287 4468 animo
309 4397 578 4494 contemplemur.
616 4399 711 4467 Nam¹
726 4417 862 4495 corpora
877 4391 955 4463 vasrs
974 4396 1139 4470 metallicis
1157 4392 1276 4465 inclusa
1301 4393 1380 4465 nibil
1411 4397 1451 4468 de
1478 4394 1533 4468 su'a

174 4500 333 4588 gravitate
351 4494 549 4580 deperdunt,
568 4493 660 4590 quod
675 4488 843 4563 substantia
867 4487 960 4580 hujus
983 4494 1148 4589 gravitatis
1168 4486 1258 4561 causa
1281 4516 1416 4588 corpora
1441 4517 1531 4588 quar-

176 4613 239 4685 que
257 4594 359 4662 etiam
374 4586 523 4662 solidiora
540 4610 682 4688 penetret
702 4642 713 4673 ,
741 4593 787 4659 uti
805 4598 838 4661 dt
860 4610 990 4675 magnes
1012 4591 1045 4660 in
1064 4588 1185 4660 serrum
1205 4593 1271 4656 vim
1302 4581 1390 4655 suam
1408 4595 1530 4677 exerit,

175 4695 273 4758 etiam
290 4712 347 4784 per
365 4692 487 4758 vitrum
511 4687 712 4852 intepjedium
735 4711 743 4754 ι
773 4709 849 4754 nam
877 4678 1045 4756 substantia
1065 4684 1118 4756 illa
1138 4683 1236 4759 fluida
1262 4687 1295 4752 in
1320 4704 1431 4751 omnes
1452 4708 1527 4779 par·

175 4782 289 4872 ticulas
314 4785 463 4886 corporis
485 4786 555 4858 vim
580 4803 669 4886 ,uam
692 4786 852 4884 expromit
874 4832 887 4869 ,
907 4780 999 4875 quod
1020 4782 1065 4855 ob
1096 4772 1398 4948 tenuitatemLsuam
1421 4802 1527 4879 angio,

1340 4893 1362 4966 ¹l
