3646 5430
258 443 265 455 υ
366 352 732 468 'ACADEMIAE
768 367 1100 452 HISTORIA.
1154 378 1302 457 [mlv.
1477 386 1542 472 '3⁴9
1653 321 1658 329 Ι

180 469 256 521 tam
280 447 376 520 celeri
388 457 581 618 &exgicdita
601 465 824 545 eonttastione
843 466 1081 543 &dilatatione
1106 468 1245 569 subjicit.
1289 474 1380 546 iridis
1394 497 1540 573 apertura
1557 462 1652 561 Opll‘.

183 543 284 653 instat
302 544 412 617 lillurae
426 572 471 616 no
505 576 681 650 sapparet,
694 561 727 627 in
748 557 884 657 longum
898 565 1053 658 ptodudia
1069 576 1155 660 iuxta
1171 569 1287 641 lineam
1299 573 1371 641 ΑΒ.
1399 571 1540 645 Musculi
1554 580 1605 635 θ’·

176 657 354 755 utumque⁸
366 637 470 754 versus
491 649 516 715 Ε
540 651 609 720 &F
626 673 697 722 eam
719 653 873 727 diducunt
888 692 898 748 3
919 659 1097 734 occluditur
1109 688 1188 735 vero
1206 664 1257 736 vel
1267 663 1309 735 ab
1319 667 1449 739 elaterio
1468 669 1537 756 suo,

176 729 236 802 vel
246 730 291 804 ab
301 736 371 809 alus
383 734 472 810 fibris
486 740 517 809 C
531 741 565 817 D
579 741 774 819 musculosrs·
805 756 914 850 Hujus
924 761 1049 851 generis
1056 760 1206 833 animalia
1215 786 1288 859 qua
1299 765 1401 836 noun
1412 768 1541 841 visturn

175 2256 331 2345 qttaerunt
350 2276 422 2326 eam
442 2256 535 2324 iridis
562 2253 750 2328 strusturam
767 2260 898 2354 exigunt
920 2283 931 2329 t
958 2281 1036 2329 nam
1057 2254 1210 2353 ampliata
1225 2258 1400 2329 admodum
1415 2255 1536 2358 pupilla

175 2348 331 2419 distincte
354 2374 402 2421 res
416 2347 558 2442 objeuas
573 2357 773 2448 percipiunt,
790 2376 866 2422 cum
883 2357 971 2423 tenui
986 2350 1057 2421 luce
1072 2350 1315 2448 perfunduntur.
1341 2358 1421 2424 Non
1435 2379 1472 2425 ea
1490 2356 1536 2425 est

168 2445 276 2515 Iridis
295 2447 450 2516 stmciura
469 2450 503 2515 in
525 2445 710 2518 hominibus
736 2474 745 2518 r
768 2470 845 2516 nam
867 2452 924 2543 qui
947 2448 988 2516 ad
1009 2448 1108 2516 Lunae
1126 2444 1260 2532 lumen,
1291 2470 1349 2519 aut
1374 2447 1535 2520 stellamm

174 2535 316 2635 legunt,
339 2540 436 2612 iidem
455 2540 584 2613 dilatata
603 2541 778 2612 admodum
798 2536 870 2612 stmt
890 2541 1011 2642 pupilla
1037 2564 1140 2638 ,qua
1171 2539 1298 2611 uberius
1320 2542 1430 2612 lumen
1452 2542 1536 2613 ferre

175 2636 310 2729 nequit.
340 2641 406 2730 Qi
422 2660 501 2707 vcro
513 2639 547 2705 in
561 2635 740 2707 obscuriori
752 2637 827 2706 loco
842 2639 897 2708 diu
909 2643 1055 2711 vixerunt
1065 2695 1076 2724 ,
1088 2634 1144 2705 ubi
1164 2633 1287 2734 pupilla
1305 2633 1448 2709 multtlm
1461 2662 1535 2710 arn·

175 2724 304 2825 pliatur
319 2730 369 2819 ‚st
389 2753 518 2830 repente
543 2733 582 2801 ad
602 2756 754 2827 magnam
779 2732 886 2803 lucem
908 2755 1097 2803 convertant
1127 2733 1274 2818 oculos,
1295 2757 1409 2805 eorum
1432 2738 1534 2804 retina

172 2828 307 2915 majore
316 2826 387 2898 luce
403 2823 546 2926 perculsa
558 2825 701 2911 laeditur,
724 2853 762 2898 ac
780 2825 953 2925 sapevisus
965 2822 1031 2923 ipse
1051 2827 1258 2927 periclitatur.
1281 2827 1387 2900 Simili
1401 2828 1533 2923 quidem

174 2921 306 2989 ratione
342 2927 373 2992 ui
387 2947 444 3021 per
463 2924 552 2995 nives
565 2929 624 2994 iter
643 2919 810 3011 fecerunt,
836 2949 884 2994 res
903 2921 1044 3012 obiedias
1061 2917 1148 3019 quast
1161 2921 1236 2991 velo
1253 2921 1395 3020 capillati
1409 2931 1443 2994 δε
1456 2948 1535 2995 carr-

173 3010 257 3082 dido
273 2949 428 3088 abluatis
454 3042 589 3090 cernunt
615 3074 625 3105 ,
653 3020 743 3112 quod
756 3024 856 3112 retine
881 3016 997 3104 librille
1019 3017 1134 3089 fortius
1158 3018 1313 3089 concull‘ae
1333 3015 1463 3093 fuerint.
1495 3019 1534 3091 Id

173 3110 251 3179 vitii
264 3109 440 3209 aliquando
452 3115 563 3186 oculos
578 3114 725 3203 invadit,
741 3141 808 3214 quo
833 3113 956 3215 pupilla
976 3114 1153 3185 admodum
1175 3111 1305 3184 dilatata
1323 3136 1426 3185 totam
1493 3139 1533 3187 ne

169 3205 257 3274 Irim
269 3232 407 3305 occupat
422 3208 494 3281 :seu
507 3208 640 3279 musculi
654 3206 737 3280 hanc
753 3210 975 3281 membranam
991 3208 1214 3281 contrahentes
1228 3209 1360 3281 elaterio
1371 3205 1429 3280 suo
1458 3211 1534 3280 esti-

169 3319 309 3372 tuantur
322 3360 333 3387 ,
352 3302 405 3375 seu
419 3307 498 3379 alter
510 3303 669 3376 musculus
686 3305 840 3378 relaxatus
855 3328 968 3376 contra
978 3306 1210 3402 antagonistam
1223 3303 1313 3375 suum
1326 3305 1533 3416 nitiamflirls

168 3416 245 3464 non
261 3396 369 3493 poffir.
403 3402 594 3496 Utcumque
608 3424 655 3470 tes
669 3395 698 3470 se
713 3401 853 3490 habeat,
871 3405 928 3498 qui
949 3399 1014 3469 hoc
1027 3400 1114 3470 oculi
1133 3401 1251 3471 morbo
1268 3397 1416 3470 laborant
1425 3455 1436 3487 ,
1450 3399 1533 3469 rilu-

169 3510 253 3560 cem
273 3488 357 3565 ferre
371 3519 546 3590 nequeunt.

166 3648 170 3655 .
227 3589 306 3659 111.
329 3588 387 3662 Illa
405 3592 533 3688 pupilla
553 3594 592 3662 de
604 3593 699 3664 node
713 3591 858 3661 dilatatio
869 3592 903 3659 in
921 3587 1012 3659 causa
1028 3590 1072 3660 est
1088 3613 1144 3659 rut
1162 3589 1292 3660 candela
1304 3586 1434 3660 accensa
1447 3592 1531 3674 emi.

170 3704 237 3753 nus
249 3682 402 3758 videatur.
426 3689 527 3779 Qiod
546 3684 568 3757 si
584 3688 667 3760 forte
683 3694 716 3758 in
737 3683 849 3754 Solem
867 3684 1037 3754 oculorum
1060 3689 1163 3755 aciem
1187 3690 1433 3770 convertimus,
1459 3706 1531 3757 tum

168 3798 283 3873 factes
302 3787 408 3853 retinae
432 3773 652 3856 vehementius
675 3777 830 3855 conculsa
856 3784 961 3851 varios
979 3778 1131 3851 exhibent
1147 3779 1292 3866 colores,
1318 3789 1351 3851 dt
1365 3779 1452 3875 quasi
1470 3785 1531 3852 im.
1560 3804 1570 3814 ·

166 3868 278 4038 facila
296 3901 405 3950 manet
417 3877 500 3949 Solis
516 3883 647 3977 imago,
664 3904 736 3976 qua
752 3872 858 3946 obstat
872 3881 1045 3970 quominus
1061 3874 1123 3945 alia
1144 3898 1353 3947 contueamur
1375 3875 1501 3972 objesta
1519 3904 1530 3952 ε

189 3966 229 4039 od
247 3978 282 4042 δι
297 3971 350 4041 illa
364 3971 551 4045 fibrillatum
570 3982 716 4047 motione
728 3975 898 4045 imminuta
912 3970 994 4041 Solis
1009 3971 1191 4064 imprellum
1204 3971 1371 4068 vestigium
1390 4029 1400 4060 ,
1421 3983 1455 4046 &
1479 3999 1533 4046 co-

169 4059 262 4136 lotes
276 4090 452 4155 mutantur,
467 4073 522 4164 qui
536 4075 616 4140 varii
628 4068 711 4147 sunt,
725 4067 780 4142 ubi
793 4090 867 4136 cum
879 4068 1090 4158 circumjedlis
1104 4064 1293 4166 corporibus
1304 4074 1390 4142 varie
1405 4068 1533 4141 colora.

165 4161 216 4231 ris
223 4159 405 4235 miscentur.
427 4170 482 4235 Slc
494 4162 572 4235 illud
582 4163 661 4262 saepe
674 4171 780 4238 euenit
793 4187 828 4235 ut
845 4163 1041 4233 characteres
1055 4162 1344 4259 rubeiappareant,
1361 4167 1540 4262 postquam*

164 4256 211 4347 ju
224 4259 296 4331 luce
316 4260 420 4333 Solari
443 4256 564 4332 diutitls
577 4266 764 4334 continuata
775 4260 820 4332 est
835 4257 935 4330 lestio
953 4312 964 4343 ,
982 4257 1073 4354 quod
1091 4283 1129 4328 eit
1154 4263 1260 4329 retiuae
1282 4261 1379 4354 paulo
1400 4259 1532 4331 fortiori

163 4359 352 4452 ,agitatione
366 4362 474 4428 evenit
490 4352 534 4424 ob
557 4359 660 4428 radios
689 4357 774 4445 Solis
794 4357 814 4427 d
833 4354 965 4426 candida
986 4352 1093 4424 'charta
1110 4352 1252 4427 reflexos.
1294 4357 1402 4449 Atque
1417 4355 1457 4444 hc
1474 4351 1531 4424 lit·
1592 4443 1598 4454 ι

163 4474 252 4537 ,tera
279 4451 322 4523 ob
353 4457 500 4525 eandum¹
515 4456 673 4524 tationem
699 4451 800 4525 rubeo
821 4451 929 4523 colore
955 4451 1055 4542 tindle
1078 4451 1256 4536 videntur,
1284 4452 1348 4545 qud
1380 4454 1469 4521 Mars
1494 4454 1530 4520 in

164 4547 264 4624 mlo
278 4547 388 4620 colore
414 4549 528 4620 iridem
546 4545 649 4617 rubeo
661 4551 778 4619 tindlus
801 4571 955 4646 apparet,
977 4546 1067 4641 quod
1092 4551 1168 4616 atris
1191 4545 1323 4616 maculis
1340 4544 1528 4615 obducatur.

165 4645 290 4738 Atque
307 4648 501 4742 experientia
515 4639 587 4740 ipsa·
596 4639 718 4739 ubique
732 4641 899 4717 confirmat
916 4647 1006 4739 nigra
1019 4664 1179 4737 corpora,
1196 4636 1462 4737 staliquantulum
1473 4637 1533 4714 srnt

168 4737 353 4839 diaphaua,
371 4735 483 4814 tubere
494 4793 506 4829 ‚
533 4762 609 4813 cum
624 4737 766 4814 uberiori
776 4739 842 4814 luci
854 4759 1057 4837 exponuntur
1075 4791 1088 4826 ,
1109 4733 1166 4812 etsi
1179 4760 1315 4907 corpoia
1341 4736 1473 4851 candida
1499 4739 1535 4815 in

1316 4855 1336 4903 x
1359 4854 1393 4927 u,
