3646 5430
412 379 1116 460 ACADEMrAEsMSTORIn
1157 381 1306 462 hnw.
1459 384 1535 462 ‘Hi
1735 458 1738 465 ,

235 483 357 554 vill.
386 486 501 556 Paucis
522 482 592 581 post
602 478 711 554 diebus
727 487 771 554 D.
795 482 895 578 Mery
915 482 995 553 duos
1010 478 1169 553 musculos
1190 487 1223 553 in
1244 481 1356 555 avibus
1377 414 1532 568 esbibtiit,
1549 469 1653 554 ΑΜ.

135 648 143 653 .
175 583 241 672 'qui
267 577 451 678 palpebram
481 581 665 648 interiorem
679 579 719 649 ad
737 585 896 669 majorem
917 576 1004 648 oculi
1028 578 1184 674 angulum
1208 578 1376 652 retrahunt
1396 607 1406 652 ε
1425 604 1463 651 ex
1487 581 1535 651 his
1549 585 1626 654 ‘⁰²⁸2

166 681 299 746 unusa
335 676 478 746 olleriori
499 672 588 771 globi
603 671 691 743 oculi
712 695 802 772 parte
822 667 910 743 suam
929 672 1046 744 ducens
1063 677 1222 771 originem
1239 679 1406 760 ,interiori
1421 677 1537 776 palpe-

174 764 245 839 bra
261 703 405 842 indebitus
424 768 465 841 ad
489 791 611 868 partem
624 766 809 840 inferiorem
822 772 953 863 majoris
966 768 1075 866 anguli
1095 803 1105 857 3
1127 767 1206 840 alter
1220 766 1379 843 musculus
1404 772 1425 844 ὲ
1443 795 1536 872 parre

163 865 350 962 ‚posteriori
363 865 474 938 orbitae
496 887 613 946 ortus,
639 871 673 937 δι
693 889 749 964 per
772 861 908 962 globum
931 862 1017 936 oculi
1035 859 1204 937 ascendens
1224 864 1369 938 inseritur
1391 871 1538 942 interiori

172 958 443 1060 palpebrisupra
463 967 618 1053 majorem
636 959 804 1059 angulum.

232 1054 345 1131 Mense
367 1058 516 1152 januario
533 1061 567 1126 in
595 1053 740 1127 musculo
761 1053 904 1152 quodam
921 1051 1016 1127 fibras
1045 1055 1190 1128 carnosas
1216 1067 1251 1132 dr
1274 1059 1436 1134 tendineas
1459 1060 1480 1132 ὲ
1503 1057 1536 1130 se

151 1178 296 1239 ,mutuo
308 1150 461 1251 separatas
471 1150 660 1224 ebullitione
675 1155 790 1248 praevia
808 1149 965 1237 ostendit,
987 1177 1055 1223 non
1070 1150 1158 1223 secus
1177 1179 1275 1252 arque
1293 1158 1456 1252 epiderma
1479 1154 1534 1227 seu

138 1250 319 1344 ‚tcuricula
331 1249 352 1320 ὲ
366 1247 448 1348 pelle
460 1245 631 1322 divellitur.
652 1248 689 1317 Id
704 1271 837 1346 quoque
849 1249 882 1314 in
903 1245 1109 1346 conspeslum
1125 1250 1211 1322 dedit
1234 1257 1251 1322 e*
1272 1250 1359 1322 fibris
1377 1254 1533 1325 tendineis

204 1342 331 1418 uasdam
347 1342 480 1414 sornnti
501 1348 652 1439 vaginas,
673 1369 745 1441 qua
761 1343 936 1437 separatim
960 1342 1131 1415 involvunt
1153 1343 1319 1418 fasciculos
1344 1373 1531 1422 earnearum

141 1476 169 1503 -.
226 1465 355 1608 rsarum,
368 1461 406 1512 ac
422 1435 552 1511 subinde
563 1435 658 1512 fibras
669 1436 821 1537 cujusque
842 1441 967 1536 vagina
982 1437 1181 1512 transversim
1209 1438 1314 1517 secate
1346 1442 1440 1519 fibras
1460 1471 1527 1535 care

171 1559 226 1611 110
240 1562 287 1612 ab·

158 1699 160 1702 .
223 1639 296 1710 tx.
329 1639 403 1708 Hac
417 1627 583 1703 occasione
599 1632 671 1705 dara
689 1629 779 1701 suum
790 1632 829 1702 de
843 1631 996 1702 sttudura
1009 1637 1044 1705 dc
1063 1653 1155 1702 motu
1169 1635 1385 1708 musculorum
1400 1637 1525 1739 systema

175 1722 1525 1829 mmmmmwmmfflmmfflmmmwhmmm

175 1833 271 1922 poris
297 1831 511 1924 organicam,
558 1848 605 1894 uae
623 1847 662 1895 ex
691 1821 800 1894 multis
823 1820 975 1893 fibrarum
1000 1846 1187 1894 carnearum
1210 1824 1366 1900 fasciculis
1388 1832 1534 1919 constat,

175 1923 332 2016 e'qurbus
347 1944 455 1994 venter
477 1849 610 1992 musculi
635 1917 791 1990 conflatur
814 1914 881 1989 :ab
906 1920 1031 2014 origine
1049 1916 1101 1989 sua
1126 1924 1190 2015 que
1211 1945 1307 2021 caput
1332 1927 1536 2025 appellatur,

175 2014 314 2115 oblique
328 2014 474 2089 feruntur
500 2017 540 2087 ad
560 2015 669 2089 locum
691 2011 751 2084 suae
777 2008 978 2100 insertionis,
1018 2037 1064 2084 uae
1086 2018 1185 2090 cauda
1195 2019 1259 2088 dici
1275 2015 1355 2092 solet
1372 2050 1380 2092 r
1395 2046 1439 2093 eae
1460 2029 1537 2119 qui·

173 2113 252 2186 dem
266 2112 338 2187 sunt
350 2115 579 2185 contractionis
595 2134 728 2211 capaces
748 2164 760 2198 ,
778 2134 845 2182 non
866 2133 904 2180 ex
924 2038 1049 2208 seiplis,
1072 2106 1123 2182 sed
1138 2138 1176 2184 ex
1200 2109 1369 2213 spirituum
1391 2115 1540 2211 affluxu,

175 2209 296 2309 quibus
318 2229 486 2310 penetratae
501 2205 665 2282 inflantur.

242 2312 366 2382 Omnes
381 2303 452 2375 illos
464 2298 632 2376 fasciculos
644 2302 814 2376 involvunt
832 2300 954 2373 librilla
975 2304 1121 2394 quadam
1141 2306 1274 2378 elaterio
1291 2310 1427 2406 praeditae
1450 2367 1460 2398 ,
1500 2321 1537 2387 ae

173 2401 376 2479 transversim
394 2396 527 2499 posta,
551 2424 660 2495 ratque
679 2396 766 2495 quast
785 2396 951 2495 vaginulas
967 2393 1112 2470 efficiunt
1134 2401 1392 2491 membranosas,
1418 2406 1537 2500 quibus

168 2499 294 2599 singuli
305 2494 447 2570 fasciculi
460 2494 608 2567 obvoluti
625 2495 666 2567 ab
679 2495 748 2566 aliis
762 2491 955 2592 separantur.
993 2497 1043 2562 Eae
1060 2497 1189 2589 quidem
1203 2492 1324 2568 srbtillae
1338 2498 1467 2570 elallirae
1481 2527 1537 2598 per

173 2593 209 2670 se
225 2593 368 2668 contrahi
380 2586 526 2689 possunt,
544 2617 581 2663 ex
594 2594 759 2661 accidente
769 2588 996 2662 tantummodo
1008 2586 1246 2680 distenduntur,
1260 2615 1369 2691 eaque
1380 2593 1539 2668 indivulse

175 2715 257 2762 cum
269 2689 431 2762 tendinum
444 2684 530 2759 fibris
544 2712 599 2785 pet
614 2685 792 2759 musculum
804 2680 913 2783 sparsis
933 2681 1102 2756 cohaerent.

224 2786 382 2860 Tendines
401 2782 418 2852 ὲ
441 2779 591 2855 libramm
618 2786 768 2879 congerie
798 2778 1011 2865 coalescunt,
1038 2805 1108 2876 qua
1133 2778 1218 2853 fibra
1244 2807 1429 2881 pestutum
1450 2785 1539 2859 mus-

174 2881 243 2954 culi
272 2903 386 2976 corpus
410 2881 444 2949 in
475 2878 609 2977 longum
641 2875 793 2974 protensa
822 2881 855 2946 in
881 2899 1021 2970 utroque
1053 2901 1198 2948 extremo
1231 2879 1439 2978 colliguntur.
1470 2890 1537 2956 Ἐκ

203 2973 1537 3072 Μωωαωὼωκωωῶπὼωῃππηωὼὼῳψω

172 3004 249 3147 llrnt
266 3093 419 3171 capaces,
442 3064 498 3138 nist
524 3077 570 3139 vis
588 3093 702 3165 magna
715 3065 915 3138 adhibeatur.
943 3067 971 3134 A
989 3061 1076 3138 fibris
1098 3074 1218 3141 carneis
1240 3074 1389 3143 coclione
1404 3072 1469 3173 ipsa
1486 3079 1537 3149 di-

174 3165 1538 3274 wffimmmmmmfflmmmmmmmmmmffimmmmnmfflffi

175 3267 328 3339 coefflmn

227 3361 393 3432 Postremo
419 3353 575 3430 musculus
598 3351 658 3426 suis
679 3356 816 3425 donatur
844 3355 1008 3443 nervulis,
1035 3380 1090 3452 per
1123 3382 1205 3452 quos
1232 3356 1251 3427 s
1266 3365 1355 3432 iritus
1384 3362 1533 3436 animales

170 3455 380 3542 deseruntur,
394 3453 453 3526 suis
466 3459 543 3521 item
556 3456 699 3535 arteriis,
713 3473 784 3543 qua
806 3444 990 3543 sanguinem
1004 3456 1036 3518 in
1051 3475 1146 3519 venas
1159 3386 1377 3525 trandnitrunt
1397 3483 1406 3526 ε
1430 3479 1535 3550 partes
1643 3517 1645 3521 ,

170 3551 238 3623 illae
264 3576 375 3622 omnes
394 3545 588 3621 membranis
609 3549 796 3614 muniuntur
817 3599 828 3631 ,
849 3542 966 3638 quibus
988 3543 1042 3614 alii
1063 3541 1105 3611 ab
1130 3543 1198 3612 aliis
1223 3545 1426 3620 secernuntur
1445 3545 1533 3618 mus-

135 3646 257 3720 ‘mh

229 3750 271 3815 X·
302 3741 466 3840 perspecta
481 3738 614 3813 musculi
633 3738 787 3812 struslura
804 3758 910 3808 morus
936 3729 1020 3804 illius
1044 3756 1222 3831 utcumque
1239 3740 1368 3834 concipi
1391 3795 1401 3826 ,
1431 3748 1464 3813 &
1479 3765 1534 3812 ex.

199 3829 1533 3936 lwmfflstfflmmstmmmffiwwwfflmfflmm,

169 3867 1533 4035 {mmmmmmmmffihmmmfflmfflssmmmmm

172 4055 248 4117 tut,
263 4039 295 4103 δι
315 4030 408 4100 fibras
423 4028 582 4099 tendinens
601 4029 708 4099 caudae
722 4025 883 4096 adducunt
905 4081 915 4111 ,
946 4023 1012 4093 und
1035 4048 1109 4093 cum
1131 4047 1228 4120 parte
1258 4036 1401 4123 corporis
1419 4028 1526 4100 mobil,

172 4130 231 4199 cui
244 4129 342 4198 tendo
354 4126 397 4195 esl
414 4123 562 4219 illigatus.
589 4127 677 4196 Cutn
690 4145 798 4193 autem
811 4117 858 4190 hae
873 4116 958 4189 sibrae
973 4116 1214 4191 intumescentes
1227 4120 1334 4193 minrls
1348 4121 1425 4198 finnt
1449 4123 1523 4194 obli

168 4247 252 4320 quae
267 4223 368 4318 qu'am
384 4243 499 4304 antea,
525 4242 599 4290 cum
618 4216 752 4290 laxiores
775 4239 891 4298 erant,
924 4211 1056 4314 spatiola
1071 4218 1154 4286 inter
1178 4238 1229 4287 eas
1251 4222 1416 4304 interjesla
1448 4239 1525 4289 non

173 4317 258 4391 nibil
282 4338 580 4414 augentut3neque
604 4339 640 4387 ea
668 4312 786 4411 replete
811 4310 938 4408 possunt
967 4309 1051 4381 fibra
1082 4307 1143 4379 illae
1169 4335 1280 4402 carnee
1298 4319 1394 4383 etiam
1417 4311 1530 4382 inllata

173 4403 1515 4511 Afflffimmmmmmfflmfflfflmffimmmdffin

173 4515 284 4580 vicem
300 4508 427 4579 divulsae
450 4500 635 4600 sanguinem
652 4503 695 4573 ab
713 4504 868 4573 arretiolis
891 4509 1071 4600 exciperent
1096 4558 1106 4587 ,
1131 4506 1187 4597 qui
1209 4527 1307 4572 vacua
1328 4501 1459 4597 spatiola
1480 4526 1526 4570 re-

200 4594 1525 4702 km.&mmmmmmmmmmfflnmmfflbmmssmmfflmm

173 4633 272 4774 libras
287 4701 398 4798 implet
412 4697 532 4796 spatia,
546 4720 587 4767 eo
604 4699 726 4788 majore
739 4691 807 4761 nisu
831 4750 842 4781 ,
867 4696 936 4791 qud
956 4696 1008 4764 ac'r
1022 4693 1088 4761 und
1103 4715 1178 4759 cum
1194 4685 1344 4788 sanguine
1368 4693 1527 4787 permistus

173 4798 335 4895 majorem
351 4797 481 4869 affestat
493 4790 715 4866 dilatationem
726 4843 737 4876 ‚
748 4783 851 4864 ubiex
868 4789 1041 4887 angustiori
1059 4785 1136 4858 loco
1149 4791 1182 4859 in
1200 4783 1393 4897 ampliorem
1406 4792 1531 4888 migrat.

1229 4884 1326 4982 ,Ggg
1356 4886 1389 4976 itj
