3646 5430
365 309 715 390 'desuem
760 309 1241 390 Htsroumuvi.
1471 321 1476 328 ’

164 409 338 486 intervallo
354 409 614 509 frequentiores,
638 432 694 482 out
706 413 815 482 mirus
828 406 1015 507 frequentes
1039 406 1184 483 efficiunt
1207 406 1404 482 vibratiorer
1425 467 1436 497 ,
1454 339 1528 487 ossib
1542 407 1659 510 Pbyssi‘,
1722 445 1724 448 ·

165 516 261 581 vatin
282 507 436 580 sonorum
453 507 569 603 species
582 512 755 595 oriuntur,
771 530 843 603 qoae
858 512 929 577 toni
946 512 1141 580 vocitantur.
1179 513 1263 602 Qrae
1277 508 1364 574 enim
1377 505 1448 581 sunt
1461 508 1526 582 fre·
1540 529 1590 586 ca.

165 611 374 703 quentiores‚
402 627 533 681 acutos,
549 609 654 674 minus
667 601 851 700 bequerues
863 623 960 672 tonos
971 600 1117 672 efficiunt
1129 611 1303 703 graviores.

222 707 320 773 Hanc
339 699 493 771 sonorum
511 705 678 770 notionem
697 699 855 770 lumini&
869 697 1033 771 coloribus
1044 696 1237 792 explicandis
1248 697 1378 770 adhibet
1388 705 1426 773 Ρ.
1440 699 1532 770 Mas-

164 793 310 868 branche
333 800 545 869 :minutiores
566 800 653 866 enirn
678 797 824 892 corporis
841 791 938 864 lucidi
957 796 1112 893 particule
1136 800 1169 864 in
1189 815 1344 894 perpetuo
1371 791 1533 868 versantur

165 917 262 964 motu
284 916 411 981 ,eoque
429 892 620 979 celerrimo;
635 915 703 987 quo
725 911 797 962 tota
815 886 936 960 subtilis
952 894 1093 963 materiae
1113 891 1217 962 moses
1239 886 1279 956 ad
1296 890 1408 960 oculos
1432 888 1533 989 usque

165 991 294 1059 nostros
310 985 426 1060 diffusa
445 1011 501 1082 per
522 986 717 1059 vibrationes
730 990 900 1056 continuas
911 992 1064 1082 premitur
1084 1043 1094 1073 ,
1114 996 1250 1081 majores
1271 987 1403 1081 quidem
1424 986 1535 1058 vibra·

167 1088 273 1155 tiones
294 1083 439 1155 fortioris
454 1083 582 1151 luminis
595 1079 732 1183 speciem
750 1079 891 1179 prebent
908 1087 941 1152 in
967 1106 1104 1179 corpore
1132 1082 1240 1153 lucido
1261 1081 1498 1156 &illuminato
1520 1117 1534 1171 ς

167 1202 267 1275 atque
283 1205 317 1250 ut
331 1179 506 1251 crebriores
526 1175 596 1249 sunr
609 1202 664 1249 aut
682 1181 835 1250 tardiores
848 1234 859 1265 ‚
871 1183 976 1250 varias
997 1177 1146 1249 colorum
1158 1177 1274 1277 species
1289 1175 1456 1275 praebent,
1474 1204 1534 1251 ne·

168 1301 234 1372 que
249 1275 374 1346 uberius
390 1276 568 1360 lumen,aut
582 1279 706 1372 parcius
719 1275 840 1346 coloris
852 1297 954 1372 genus
968 1297 1086 1349 mutat.

218 1374 307 1443 Cum
329 1396 437 1444 autem
458 1368 652 1442 vibrationes
672 1396 743 1467 quae
755 1366 866 1442 iisdem
886 1368 970 1443 fiunt
981 1368 1181 1468 temporibus
1204 1392 1298 1468 penes
1314 1388 1465 1443 numeros
1483 1376 1534 1440 in-

170 1467 303 1555 finitos,
320 1477 352 1541 &
369 1461 615 1539 innumerabiles
632 1463 791 1564 respessus
802 1470 916 1537 variari
931 1466 1073 1565 possint,
1093 1467 1168 1537 hinc
1187 1488 1274 1538 tanta
1295 1472 1432 1564 emergit
1442 1466 1536 1539 colo·

171 1590 244 1635 rum
261 1568 419 1649 varietas,
438 1586 476 1634 ex
491 1563 555 1654 qud
570 1560 704 1633 vicissim
718 1558 889 1633 nascuntur
903 1561 1015 1635 divers
1032 1560 1189 1661 respesius
1210 1620 1220 1650 ,
1240 1566 1329 1658 iique
1345 1561 1386 1632 ab
1400 1563 1535 1658 aequali·

171 1684 240 1732 tate
253 1664 453 1732 remotiores.
483 1658 584 1754 Qiod
596 1657 617 1726 sr
630 1657 768 1755 exempli
790 1659 892 1755 gratid
912 1683 1028 1758 corpus
1044 1661 1228 1732 coloratum
1258 1683 1298 1732 ιι
1319 1654 1437 1729 efficiat
1451 1654 1536 1755 pres·

171 1755 268 1824 fionis
285 1752 493 1844 vibrationes,
506 1777 581 1824 cum
594 1753 680 1824 aliud
692 1777 810 1850 corpus
820 1751 872 1823 sex
883 1758 1114 1828 tantummodo
1128 1758 1238 1826 'exuit
1253 1760 1287 1825 in
1302 1752 1448 1825 subtilem
1462 1778 1535 1825 tna·

173 1855 310 1934 teriam,
325 1847 389 1917 hoc
404 1857 504 1947 magis
520 1851 540 1918 ai
554 1852 652 1946 priori
667 1852 701 1921 in
718 1847 828 1920 colore
845 1846 1011 1949 discrepat,
1027 1850 1128 1947 qu'am
1140 1850 1226 1921 aliud
1239 1873 1355 1947 corpus
1367 1872 1405 1919 ex
1421 1876 1490 1948 quo
1503 1875 1536 1938 9,
1552 1894 1555 1898 ⁴

174 1941 367 2017 vibrationes
382 1950 539 2043 prodeunt
553 1945 666 2016 eodem
679 1950 832 2043 temporis
842 1944 1027 2020 intervallo.

224 2045 263 2109 Et
278 2040 409 2133 quidem
434 2066 545 2113 omnes
571 2064 652 2139 pene
675 2066 885 2112 numerorum
897 2037 1054 2139 respessus
1068 2065 1106 2112 ex
1129 2040 1245 2140 quibus
1261 2037 1373 2112 diversi
1389 2045 1538 2114 oriuntur

172 2139 242 2207 toni
255 2193 264 2220 ,
279 2139 312 2203 in
332 2134 457 2207 Musici
469 2134 621 2236 designati
633 2133 775 2208 suerunt.
804 2138 868 2207 Sed
879 2138 965 2208 idern
975 2134 1046 2208 fieri
1060 2137 1146 2236 posse
1157 2146 1189 2211 in
1209 2136 1373 2209 coloribus
1386 2162 1453 2209 non
1466 2161 1538 2208 cte-

171 2233 320 2303 diderim.
355 2233 394 2303 ld
413 2234 544 2328 quidem
561 2231 755 2325 experientis
770 2255 888 2303 notum
899 2234 946 2303 est
959 2290 970 2320 ,
983 2230 1091 2305 defixis
1116 2228 1217 2307 oculis
1240 2231 1409 2320 insolam,
1426 2256 1482 2305 aut
1502 2239 1537 2305 itt

172 2328 259 2398 aliud
274 2352 330 2396 cor
357 2352 391 2396 us
413 2328 505 2397 valde
520 2327 661 2398 lucidum
685 2351 742 2423 per
757 2325 891 2424 aliquod
911 2334 1066 2425 temporis
1081 2327 1217 2426 spatium
1233 2387 1243 2417 ,
1257 2353 1335 2399 mox
1347 2334 1385 2399 iis
1401 2329 1537 2417 claufis,

174 2424 293 2493 coloris
313 2355 377 2493 asbi
392 2419 819 2521 impressiontmrcmanere,
840 2443 911 2494 tum
926 2420 1025 2508 flavi,
1042 2448 1119 2493 mox
1136 2426 1243 2511 rubei,
1267 2423 1381 2493 deinde
1401 2424 1537 2511 cerulei,

175 2524 280 2611 quiin
301 2523 427 2615 nigrum
450 2520 579 2589 tandem
592 2514 715 2591 desinit.
758 2523 803 2590 Ex
818 2541 886 2613 quo
897 2521 929 2590 id
942 2517 1093 2590 concludi
1107 2521 1222 2617 potest,
1233 2521 1412 2589 dummodo
1423 2521 1536 2591 eadem

173 2613 297 2712 semper
311 2613 347 2684 fir
362 2616 511 2686 colorum
525 2611 644 2703 series,
660 2638 774 2687 eorum
784 2619 844 2712 qui
855 2620 954 2716 priori
963 2614 994 2686 se
1008 2616 1161 2713 produnt,
1178 2614 1327 2688 colorum
1342 2613 1538 2687 vibrationes

176 2711 238 2782 esse
258 2717 359 2807 magis
376 2717 564 2783 concitatas.

223 2815 329 2890 Hujus
346 2806 556 2905 phrenomeni
574 2805 743 2880 occasione
764 2813 811 2882 D.
835 2805 1009 2907 Homberg
1024 2815 1280 2906 experimentum
1307 2806 1328 2879 d
1354 2806 1384 2878 se
1415 2807 1540 2881 fastum

177 2910 261 2977 circa
290 2904 438 2974 colorum
452 2961 461 2988 ,
475 2908 532 2996 qui
546 2903 602 2974 srbi
614 2900 785 2977 succedunt
799 2907 945 2976 ordinem
959 2960 971 2992 ,
995 2912 1278 2978 commemoravit.
1313 2911 1443 2977 Vitrum
1465 2907 1542 2975 rude

151 3053 159 3063 -
176 3001 354 3071 admodum
375 3025 415 3070 ex
440 3001 576 3094 utrique
596 3022 684 3098 partc
700 3008 734 3073 dt
749 3001 940 3099 ‘impolitum
961 2999 1114 3072 foramini
1132 3008 1290 3100 aptavit,
1312 3003 1401 3097 quod
1428 3000 1543 3071 lumini

175 3095 338 3194 praebebat
354 3098 475 3165 aditum
497 3123 506 3167 s
527 3120 602 3168 cum
622 3095 654 3165 id
668 3102 788 3168 vitrum
842 3123 914 3168 rum
939 3097 1114 3171 admodum
1132 3098 1327 3196 pellucctet,
1346 3123 1394 3168 res
1407 3095 1541 3190 objestae
1612 3133 1613 3136 ¹

178 3194 409 3263 tantummodo
424 3191 503 3263 alba
518 3191 599 3263 ultra
621 3196 740 3263 vitrum
754 3219 800 3291 po
825 3217 864 3263 ιε
876 3192 932 3266 sub
951 3191 1117 3288 aspestum
1129 3191 1299 3266 veniebant
1315 3219 1324 3263 ι
1340 3199 1460 3266 vitrum
1482 3193 1541 3265 asi-

179 3288 373 3381 quantulum
387 3289 525 3387 politum
543 3313 613 3384 qux
638 3289 770 3360 candida
787 3313 879 3361 erant
896 3289 1026 3384 dopo&
1044 3290 1158 3363 melius
1175 3289 1369 3373 exhibebat,
1400 3298 1434 3362 dc
1455 3288 1540 3360 flava
1570 3346 1573 3351 .

178 3386 278 3452 videri
291 3407 421 3480 empta,
440 3390 528 3455 vitro
548 3388 698 3480 magisac
719 3389 825 3480 magis
839 3387 985 3481 expolito
999 3407 1068 3454 trun
1080 3385 1192 3455 diversi
1205 3385 1329 3454 colores
1349 3385 1414 3454 boc
1427 3388 1548 3476 ordine·

179 3476 341 3575 dispositi,
364 3486 504 3575 primum
523 3477 623 3548 flavus
635 3533 646 3564 ,
658 3499 733 3548 tum
746 3479 878 3564 viridis,
897 3478 1036 3564 rubeus,
1054 3479 1223 3559 ceruleus,
1236 3487 1269 3550 &
1289 3501 1356 3548 ater
1369 3502 1409 3547 ex
1429 3480 1540 3550 ordine

180 3574 226 3645 sui
243 3582 370 3671 copiam
384 3572 540 3646 fecerunt.

233 3679 289 3744 11.
326 3679 362 3741 In
387 3669 524 3743 Cartesri
541 3664 707 3765 systemate
720 3663 1202 3767 lutompcrsocundielernenti
1214 3662 1367 3765 globulos
1380 3663 1543 3740 transmit·
1604 3738 1607 3747 ,

181 3777 258 3842 titur
275 3825 284 3851 ,
300 3794 382 3864 quos
401 3772 434 3846 iu
448 3771 548 3838 restas
562 3766 660 3836 lineas
674 3762 798 3839 subdis
815 3769 953 3838 materia
966 3766 1110 3862 corporis
1122 3763 1220 3834 lucidi
1233 3763 1382 3864 impellit.
1406 3763 1544 3837 Colores

182 3891 291 3937 aurem
307 3865 430 3962 globuli
444 3864 603 3948 efficiunt,
617 3869 673 3957 qui
690 3884 784 3933 motu
795 3868 827 3933 in
845 3864 948 3934 recha
961 3862 1059 3932 lineas
1075 3883 1210 3958 accepto
1230 3858 1462 3933 arubnlrffmi
1479 3864 1546 3959 pri·

186 3972 228 4032 mi
248 3965 395 4034 esemerrri
410 3963 541 4031 materiai
554 4016 563 4044 ,
575 3961 613 4026 ad
628 3982 755 4029 motum
770 3962 938 4033 rotationis
952 3963 1036 4029 circa
1049 3958 1139 4027 suum
1155 3980 1301 4027 centrum
1312 3953 1382 4027 sunt
1392 3959 1545 4029 determi-

185 4064 270 4143 nati,
287 4082 385 4155 atquc
399 4080 432 4127 ut
447 4081 555 4127 motus
571 4055 710 4126 directus
727 4079 802 4124 cum
815 4052 961 4126 circulari
978 4057 1064 4126 varic
1084 4049 1289 4149 permiscetur
1303 4109 1314 4141 ,
1328 4051 1440 4124 diversi
1464 4080 1545 4152 pro-

185 4160 282 4225 deunt
307 4157 440 4224 colores.

234 4253 295 4319 Sed
311 4252 388 4320 illud
411 4272 521 4346 prater
536 4272 649 4322 caeteta
663 4244 971 4337 intelieerodfficiie
985 4247 1134 4332 videtur,
1168 4244 1229 4341 qui
1256 4243 1323 4316 fieri
1347 4243 1443 4341 possit
1466 4304 1476 4332 ‚
1508 4272 1544 4322 ut

186 4354 271 4420 idem
287 4344 436 4443 globulus
448 4350 542 4416 durus
557 4355 590 4418 dt
608 4342 750 4434 solidus,
773 4342 875 4440 qualis
894 4349 916 4416 a
932 4341 1075 4417 Cartesro
1090 4347 1241 4441 ponitur,
1261 4340 1352 4410 fimul
1368 4366 1418 4413 tot
1444 4348 1543 4413 moti·

186 4447 246 4515 bus
267 4447 298 4510 in
319 4465 435 4537 gyrum
449 4443 552 4529 asiis,
569 4454 602 4515 δι
617 4438 728 4514 diversi
745 4444 827 4513 adeo
842 4448 966 4538 generis
985 4447 1135 4538 agitetur.
1171 4441 1271 4534 Qud
1300 4442 1435 4507 omniuo
1457 4443 1546 4509 acci·

189 4543 261 4610 dere
275 4536 394 4608 necesse
410 4537 475 4621 est,
489 4537 542 4607 ubi
558 4539 699 4608 tetradii
717 4541 775 4632 qui
795 4541 835 4607 ad
852 4538 984 4609 oculum
997 4531 1118 4606 diversa
1141 4534 1288 4604 colorum
1308 4557 1423 4629 genera
1444 4532 1546 4631 perse.

189 4658 263 4703 runt
279 4691 288 4720 ,
306 4640 338 4703 in
351 4634 465 4705 eodem
479 4632 565 4703 velut
580 4634 702 4731 pundto
715 4630 777 4702 sese
792 4632 979 4706 intersecant
995 4638 1073 4701 citra
1087 4627 1310 4700 confusionem
1324 4626 1421 4698 uliam
1434 4653 1488 4702 aut
1499 4626 1546 4726 sui

187 4731 435 4803 destroffionem
450 4784 462 4820 ,
480 4753 516 4803 ut
529 4726 659 4830 singulis
678 4734 851 4802 momentis
862 4731 1050 4827 experimur.
