3646 5430
380 268 705 408 ACADEMIAE
740 331 1073 407 Historia.
1128 333 1276 410 [miv.
1379 411 1402 426 ,
1455 338 1647 517 ³⁶⁷Pbyfi⁴

1531 540 1579 590 co
1653 590 1656 595 s

381 660 735 753 CAPUT
833 665 1323 754 PRIMUM.

263 824 266 829 ι
444 887 502 954 De
532 870 676 988 Psqstci'i
694 868 903 987 quibuſsiam
924 867 1237 979 obstinationibus.

151 1070 313 1257 [SUb
328 1083 456 1154 initium
476 1082 572 1177 huius
595 1091 671 1160 anni
693 1089 741 1162 D.
761 1086 802 1157 de
825 1083 857 1154 la
888 1088 972 1156 Hire
990 1084 1133 1186 pluviam
1152 1112 1224 1185 quae
1243 1085 1405 1186 superiore
1426 1111 1514 1165 anuo

257 1198 400 1250 terrente
421 1180 605 1270 deciderat,
630 1189 713 1256 intra
745 1210 772 1256 ir
847 1180 958 1251 llicum
983 1239 993 1269 ,
1021 1190 1066 1263 dr,
1087 1208 1107 1273 9
1129 1183 1286 1259 linearum
1311 1182 1513 1255 altitudinem

151 1262 271 1345 sletille
291 1279 475 1373 comperit:
500 1277 580 1349 adeo
600 1303 636 1352 ut
656 1276 780 1352 summa
795 1208 845 1348 illo

153 1379 250 1465 idq,
275 1382 349 1444 1612
373 1379 407 1444 δι
431 1370 501 1443 aliis
521 1368 745 1472 superioribus.
781 1379 907 1448 Tamen
927 1374 1153 1447 animadvertit
1176 1432 1187 1463 ,
1212 1375 1318 1447 fontes
1334 1368 1419 1471 ipsos
1445 1396 1515 1444 non

151 1462 268 1557 mimis
282 1463 422 1539 ubertim
434 1466 586 1559 manasse,
602 1471 691 1569 quod
703 1469 787 1543 sorte
802 1472 998 1567 ancipitem,
1012 1493 1072 1541 nec
1082 1472 1121 1541 ad
1134 1471 1372 1565 dijudicandum
1383 1465 1516 1542 facilem

151 1558 273 1653 afferre
286 1565 390 1659 potest
400 1566 438 1635 de
450 1563 592 1636 sontium
606 1569 729 1668 origine
741 1566 948 1665 questionem
967 1624 979 1656 ,
1001 1589 1044 1638 an
1066 1590 1134 1638 nori
1157 1566 1226 1639 alia:
1250 1588 1384 1663 quoque
1396 1561 1519 1637 subsint

152 1674 277 1728 eorum
296 1655 392 1729 causae
409 1660 613 1739 occultiores.

196 1759 268 1869 '11.
292 1753 454 1828 Menfibus
466 1759 661 1868 januario&
674 1756 844 1830 Februario
855 1759 975 1856 experri
987 1755 1092 1869 sumus
1103 1754 1204 1854 frigus
1212 1763 1415 1846 acerrimum,
1425 1754 1519 1853 quod

150 1851 740 2050 sssmssssztzussstslssffi
753 1851 1519 2048 irrisistis&..llll‘p‘sisllsst

152 2038 233 2117 loco
242 2039 374 2115 subsidit
413 2072 461 2118 ars
478 2067 613 2118 tartarea
632 2046 749 2119 coloris
763 2044 903 2142 subnigri
918 2046 1082 2135 3medium
1094 2044 1204 2116 locum
1218 2045 1346 2118 tenebat
1359 2041 1519 2144 parsinfi-

153 2140 211 2309 pid
248 2165 362 2239 quaep
399 2166 492 2242 egma
505 2140 620 2215 dicitur
637 2175 649 2233 ς
668 2167 738 2244 pars
752 2137 1332 2251 oleosa,&rubeicolorissumrnum
1346 2143 1520 2243 occupavit

169 2261 268 2308 ocrim
1469 2260 1472 2265 ’

832 1281 879 1348 ius
895 1276 994 1375 longe
1013 1282 1120 1350 minor
1141 1278 1238 1353 fuerit
1259 1326 1271 1367 2,
1295 1303 1395 1375 quam
1421 1283 1514 1349 annis

205 2337 294 2420 Nive
307 2332 507 2434 frigidiorem
519 2333 579 2410 elle
590 2339 663 2408 a'c’ra
677 2335 786 2438 saepius
803 2334 984 2409 observavit
1001 2341 1046 2410 D.
1056 2338 1096 2407 de
1107 2334 1138 2406 la
1151 2340 1341 2423 Hire,nam
1350 2338 1518 2413 Thermo-

152 2433 358 2502 metrointra
370 2435 482 2501 nivem
495 2430 640 2504 demerso
658 2442 692 2505 δι
711 2433 875 2518 obdusto,
892 2433 996 2514 statim
1012 2435 1080 2504 vini
1104 2428 1229 2527 spiritus
1245 2427 1412 2505 ascendere
1433 2431 1517 2503 visui
1599 2518 1604 2523 .

149 2525 202 2596 est
214 2526 288 2618 ιάι
303 2527 417 2623 gradus
433 2549 507 2596 cum
518 2526 649 2600 semisse.
680 2535 728 2602 Eo
743 2526 897 2600 subdudlo
911 2528 950 2596 ad
965 2534 1107 2627 priorem
1121 2526 1202 2624 perid
1220 2525 1331 2596 locum
1344 2528 1455 2616 rediit,
1466 2550 1519 2599 ta.

154 2616 252 2693 mersi
266 2627 318 2692 a'e'r
333 2621 425 2692 radiis
442 2618 595 2695 solaribus
610 2624 757 2696 nonnihil
769 2619 955 2698 incaluisset.
991 2631 1161 2722 Qantum
1174 2625 1255 2692 nivis
1269 2622 1369 2695 moles
1386 2629 1520 2696 minua·
1699 2697 1706 2705 ,

156 2734 235 2801 tur,
253 2720 400 2788 cumina
427 2742 501 2788 uam
515 2717 645 2792 solvitur
658 2779 669 2809 ,
681 2721 856 2792 identidem
868 2710 1047 2793 observavit
1063 2773 1075 2806 ,
1096 2742 1135 2788 ac
1151 2711 1292 2815 subinde
1302 2724 1418 2817 reperit
1432 2744 1518 2819 aque
1605 2751 1608 2756 ·

151 2804 363 2883 altitudinem
380 2741 441 2884 elle
455 2818 537 2886 nivis
555 2839 678 2912 partem
692 2821 863 2912 quintam,
876 2826 911 2891 dt
924 2815 1021 2912 paulo
1036 2819 1195 2884 minorem
1209 2836 1326 2911 nempe
1345 2820 1399 2920 l‘c·

214 2929 255 3002 ld
268 2954 401 3026 quoque
414 2929 551 3001 advertit
564 2985 575 3017 ,
597 2924 731 3001 effusam
745 2937 778 3002 in
792 2935 979 3027 pavimento
987 2926 1211 3002 Observatorii
1222 2949 1341 3020 aquam
1361 2927 1391 2998 la
1416 2929 1519 3003 idibus

152 3025 268 3188 politis
284 3025 407 3112 strato,
423 3020 574 3094 rosarum
590 3050 661 3122 quae
687 3030 721 3094 in
747 3051 973 3097 ornamentum
994 3023 1224 3095 Architesiurae
1250 3017 1362 3123 effingi
1384 2956 1515 3118 silent,

167 3127 297 3215 peciem
320 3119 493 3218 prebuisse.
530 3123 591 3190 Seii
608 3123 696 3192 enini
716 3118 791 3192 rosae
806 3119 979 3217 equalibus
998 3118 1085 3190 soliis
1103 3117 1255 3190 dillinelar
1275 3143 1392 3212 erant,
1417 3145 1516 3218 atque

153 3215 192 3286 in
204 3241 319 3293 earum
338 3219 447 3288 medio
459 3214 546 3286 velut
562 3217 648 3286 oosta
660 3242 714 3290 aut
734 3214 814 3288 fibra
828 3214 957 3289 crassior
971 3214 1116 3298 extabat,
1136 3237 1175 3283 ex
1194 3240 1258 3309 qua
1271 3217 1518 3290 innumerabiles

151 3310 331 3410 prodibant
346 3310 467 3385 fibrillae
482 3315 516 3383 in
532 3314 656 3382 redium
676 3315 859 3412 produslae,
875 3320 909 3386 dt
922 3311 978 3383 sibi
995 3312 1109 3383 mutui>
1127 3309 1295 3410 parallelae.
1319 3311 1391 3386 Ubi
1411 3321 1518 3407 major

152 3426 332 3576 eilptcaquae
354 3415 449 3577 copia
462 3465 474 3497 ,
488 3411 523 3478 iii
539 3432 646 3478 ramos
669 3405 825 3508 aptissime*
850 3414 1018 3480 contortos
1033 3404 1151 3504 absque
1164 3404 1234 3480 ullis
1255 3405 1342 3479 foliis
1369 3409 1518 3480 distincta

234 3529 310 3576 rosa
355 3531 407 3576 are
431 3529 473 3578 at·
787 3571 790 3574 ,

149 3528 180 3671 ξ
202 3600 300 3672 Filius
310 3532 386 3695 iius
398 3606 502 3673 varios
520 3601 661 3698 liquores
680 3596 722 3670 fic
733 3595 841 3695 gelido
856 3601 921 3669 a‘e'ri
943 3595 1117 3696 exposuit,
1137 3620 1174 3667 ut
1198 3602 1284 3668 vitro
1298 3594 1454 3696 imposita
1475 3600 1518 3674 ad

149 3701 255 3773 unius
268 3697 358 3769 lineae
372 3695 575 3770 altitudinem
599 3695 803 3792 assurgerent.
838 3700 884 3768 Ex
901 3699 939 3765 iis
964 3717 1091 3765 acetum
1117 3691 1238 3763 nullam
1259 3695 1361 3765 induit
1378 3693 1517 3794 liguram
1610 3746 1614 3751 -

153 3815 275 3875 notatu
289 3795 440 3893 dignam,
452 3818 557 3891 neque
571 3799 662 3866 urina
676 3789 731 3862 nisi
744 3792 813 3889 post
824 3791 1046 3862 admistionem
1062 3811 1178 3884 aquaei
1202 3811 1272 3859 tum
1283 3795 1371 3861 enim
1388 3790 1517 3889 longio-

156 3911 212 3961 res
226 3885 310 3962 velut
327 3891 443 3987 plumae
458 3890 594 3961 duorum
607 3890 673 3962 fere
693 3889 871 3986 digitorum
886 3907 1112 3985 apparuerunt.
1147 3888 1246 3981 Aqua
1263 3890 1331 3957 vini
1347 3888 1460 3959 ardens
1482 3893 1517 3961 iii

153 3983 264 4057 bullat
278 4011 358 4083 pene
375 3987 470 4056 instat
487 3990 568 4057 nivis
587 3989 752 4057 concrevit
770 4009 780 4053 :
797 3983 873 4054 huic
889 3989 1002 4081 parum
1021 4000 1119 4076 aquae'
1131 3981 1264 4071 affiidit,
1282 4007 1418 4081 tumque
1429 3984 1518 4058 velut

154 4083 321 4182 grandinis
335 4108 434 4179 grana
449 4083 489 4151 ad
509 4111 533 4176 4
547 4081 705 4153 linearum
715 4080 917 4151 altitudinem
930 4073 1085 4242 ³ffi¹l¹3⁶f⁰
1097 4075 1162 4147 visa
1172 4073 1257 4154 sunt.
1288 4106 1292 4116 ·

196 4180 287 4249 Idem
303 4181 350 4248 D.
374 4176 547 4274 Homberg
558 4182 692 4277 experiri
704 4175 809 4246 voluit
823 4197 980 4268 quantum
1008 4173 1107 4244 aliurn
1122 4173 1374 4271 congelationts,
1384 4175 1518 4275 stupost

152 4276 305 4371 aliquam
320 4275 465 4345 humoris
476 4272 708 4345 exhalationem
720 4275 754 4341 in
773 4268 940 4368 crystallus
955 4273 1175 4342 concretiones
1194 4276 1317 4344 varient
1346 4295 1440 4369 penes
1459 4294 1517 4340 eir-

155 4375 244 4447 terni
256 4368 385 4469 frigoris
400 4373 494 4454 vim,
517 4393 573 4440 aut
589 4374 775 4455 acriorem„
787 4389 843 4437 aut
856 4361 1076 4440 remissiorem.
1117 4370 1205 4438 Duas
1230 4366 1410 4462 hujusmodi
1432 4390 1518 4438 con-

157 4472 318 4540 cretiones
337 4463 472 4564 protulit
492 4494 500 4537 :
523 4469 611 4562 prior
622 4459 953 4561 extunicSeptembri
969 4458 1061 4532 ,fasta
1086 4461 1216 4547 suerat,
1239 4487 1310 4557 quae
1327 4467 1361 4531 iii
1383 4458 1515 4534 mallim

202 4562 354 4634 llucidam
373 4566 407 4632 in
428 4558 531 4631 fundo
544 4554 622 4631 vasis
634 4557 779 4630 coluerat
798 4591 810 4646 3
827 4559 984 4656 posterior
1005 4554 1062 4629 sub
1081 4561 1209 4628 initium
1229 4557 1388 4630 februarii
1404 4556 1518 4648 faeta,·

156 4686 194 4733 in
206 4654 273 4757 ipsa
286 4657 422 4756 liquoris
435 4652 598 4753 superficie
610 4650 695 4725 rosas
715 4653 895 4752 hexagonos
905 4653 1106 4750 exprimebat
1121 4689 1131 4745 3
1153 4652 1220 4724 haec
1237 4658 1336 4754 priori
1352 4675 1419 4727 erat
1437 4680 1518 4727 can-

157 4759 299 4845 didior,
324 4777 426 4859 eaque
451 4759 631 4852 temperato
650 4751 724 4845 a‘e‘re
733 4747 922 4857 solvebatur
941 4754 979 4850 iii
999 4749 1186 4851 liquorem:
1206 4755 1296 4852 prior
1307 4770 1416 4826 autem
1438 4776 1517 4851 cry,
