3646 5430
402 366 733 445 'ACADEMIAE
767 365 1075 444 HISTORIA.
1113 368 1271 450 [mlv.
1449 383 1514 472 ‘417

150 469 224 542 leta
234 466 330 570 elegit
345 492 354 540 ι
368 463 457 538 libre
468 479 505 541 16
520 471 555 539 in
568 466 733 565 pulverem
746 460 883 538 contusae
898 464 961 536 leni
975 470 1050 566 igne
1063 463 1223 538 exsiccatae
1242 469 1282 540 ad
1297 490 1329 541 ta
1341 464 1438 543 libras
1458 499 1509 545 re·
1534 457 1624 560 Cly·

150 566 268 650 noa,
285 564 427 635 testacea
447 585 573 635 retortae
588 559 669 634 bene
681 561 787 632 lutatae
800 617 811 648 ,
826 586 862 634 ut
873 559 1069 657 loquuntur,
1086 560 1340 658 suntimposrtc3
1357 568 1390 636 in
1404 591 1509 640 reuer-
1531 561 1631 640 mlu-

150 663 227 730 serii
241 658 339 731 furno
352 654 508 733 conclusa
523 685 532 731 ι
550 657 619 753 levi
641 660 723 755 ignis
747 657 854 728 calore
871 683 906 730 12
919 662 1019 727 unciae
1046 657 1235 756 phlegmatis
1247 658 1373 758 prorsus
1385 660 1442 733 inst
1466 665 1511 735 idi

150 752 329 844 hilarunt3
349 751 405 826 ubi
422 778 556 850 vapores
564 774 758 852 apparuere,
775 753 920 824 detradto
937 750 1122 851 phlegmate
1136 777 1192 823 vas
1203 759 1342 827 vitreum
1358 690 1512 856 &Spla-

150 851 249 921 icum
262 855 385 946 aptavit
398 906 409 937 ,
422 854 497 948 igne
514 874 570 948 per
584 849 699 946 gradus
717 843 860 944 subjedto
888 904 899 936 ,
925 871 961 921 ur
983 852 1017 919 in
1038 848 1148 947 spiritu
1173 851 1249 921 nitri
1271 848 1429 923 eliciendo
1442 853 1512 926 fieri
1651 935 1654 940 ,

150 939 250 1034 blec,
274 946 428 1041 quamdiu
439 968 574 1042 vapores
588 940 643 1013 vin
660 971 668 1015 :
684 940 761 1016 valis
778 942 969 1042 refrigeratis
989 954 1023 1017 dc
1043 949 1160 1043 apertis
1179 974 1199 1036 7
1220 943 1290 1020 ferd
1311 947 1511 1049 unciaespiti-

150 1037 224 1128 als,
244 1041 400 1140 &vulgari
412 1039 505 1112 nullo
516 1040 618 1110 modo
630 1035 834 1137 discrepantis
846 1051 986 1113 inventae
1001 1039 1084 1117 sunt.

196 1139 308 1236 Caput
325 1159 491 1209 mortuum
503 1161 579 1205 cum
598 1131 712 1206 salsum
730 1136 911 1222 videretur,
926 1161 998 1233 pars
1015 1147 1081 1233 ejus
1094 1139 1228 1230 lixivio,
1257 1138 1453 1230 filtratione,
1476 1150 1511 1217 dc

149 1227 348 1323 exhalatione
365 1228 526 1327 praemiffis
540 1237 707 1302 materiam
726 1226 835 1302 salsam
855 1229 1001 1329 praebuit.

190 1331 237 1398 Er
250 1327 315 1399 hoc
330 1334 551 1424 experimento
570 1351 637 1397 non
650 1327 737 1397 aliud
751 1326 905 1422 quiddam
921 1327 1110 1428 colligitur,
1132 1329 1189 1401 nisr
1202 1330 1234 1401 id
1251 1356 1351 1406 unum
1373 1389 1386 1422 ‚
1419 1335 1510 1433 quod

149 1444 184 1499 tx
203 1425 334 1499 vetustis
355 1421 519 1495 ruderibus
538 1418 678 1521 salpetrae
688 1424 779 1495 educi
793 1420 888 1523 pellit
901 1478 912 1508 ,
925 1421 981 1497 etsi
998 1425 1090 1499 nullo
1113 1450 1194 1524 pene
1212 1425 1332 1503 fruar.

575 1751 903 1840 CAPUT
991 1755 1091 1840 VI.

471 1975 527 2042 De
557 1957 766 2074 quibustlam
800 1963 886 2042 aliis
917 1966 1177 2076 experimentis.

148 2171 171 2251 l.
192 2171 274 2338 D
296 2175 441 2246 Ominus
459 2171 632 2269 Homberg
657 2174 696 2244 de
714 2175 931 2270 quorumdam
949 2176 1109 2246 vitrorum
1132 2170 1291 2251 solutione
1319 2185 1352 2251 in
1378 2186 1507 2281 aquosis

295 2267 474 2365 liquoribus
495 2273 572 2364 egit.
600 2273 649 2340 Ac
674 2275 814 2366 primum
837 2272 869 2341 id
890 2266 1094 2340 observatum
1117 2269 1159 2339 ab
1180 2297 1220 2343 eo
1241 2329 1253 2360 ,
1271 2274 1395 2348 nullum
1414 2285 1509 2359 nobis

148 2363 256 2472 presto
278 2364 341 2440 eise
363 2364 545 2459 liquorem,
567 2370 624 2462 qui
644 2370 765 2436 vitrum
790 2387 965 2436 commune
978 2361 1148 2437 dissolvar:
1170 2375 1204 2438 dt
1223 2391 1331 2441 maren
1350 2369 1429 2470 saepe
1448 2405 1507 2450 ac-

148 2465 301 2537 oderent
313 2465 347 2532 in
361 2459 472 2558 phialis
487 2467 597 2535 vitreis
618 2465 783 2533 interiores
796 2463 962 2559 parietes&
984 2460 1111 2552 liquore
1131 2465 1165 2531 in
1178 2466 1216 2532 iis
1237 2485 1393 2538 contento
1409 2475 1508 2544 innu-

148 2562 245 2632 ureris
262 2560 351 2630 rimis
362 2554 450 2626 incisi
464 2580 635 2654 appareant
647 2615 658 2644 ,
670 2557 753 2628 adeo
766 2579 801 2627 ut
815 2555 924 2627 amissa
941 2553 1164 2651 perspicuitate
1184 2557 1235 2630 vel
1251 2561 1281 2627 di
1307 2563 1427 2636 itorum
1445 2567 1508 2639 levi

148 2649 306 2726 ¹stellione
317 2652 455 2726 evadant
468 2651 605 2723 friabiles
622 2680 630 2724 ι
644 2658 724 2748 quin
738 2661 771 2724 δι
784 2651 892 2740 liquor
906 2673 1073 2722 contentus
1087 2653 1247 2726 interdum
1261 2584 1306 2726 ed
1325 2680 1411 2753 aqua
1429 2660 1507 2735 srm-

157 2748 227 2820 ›lex
245 2805 257 2839 ,
276 2749 385 2845 sepius
399 2749 443 2818 est
457 2745 583 2843 spiritur
596 2753 725 2836 acidus,
748 2757 781 2821 dt
796 2749 961 2821 causticur.

148 2833 162 2849 ⁹
207 2847 290 2917 Duo
302 2867 427 2917 tantum
440 2849 597 2916 vitrorum
610 2870 726 2943 genera
740 2843 816 2913 huic
831 2843 1035 2913 destrudtioni
1059 2839 1129 2914 sunt
1156 2841 1295 2918 obnoxia
1315 2881 1326 2937 ;
1353 2873 1424 2944 quae
1444 2848 1506 2926 sci.

148 2939 226 3015 licet
241 2940 388 3013 uberiore
402 2941 504 3035 quam
523 2965 579 3036 par
592 2941 628 3010 fit
640 2939 721 3026 sale,
736 2960 792 3010 aut
812 2936 945 3009 metallo
956 2935 1131 3011 abundant.
1175 2944 1272 3012 Virro
1292 2966 1401 3015 autem
1414 2972 1507 3018 com.

147 3043 239 3111 muni
253 3061 322 3108 non
338 3036 408 3132 plus
419 3033 489 3106 salis
515 3033 724 3123 admiscetur,
739 3040 840 3133 quam
859 3029 1027 3104 necellestt
1042 3035 1082 3104 ad
1094 3034 1177 3107 illius
1200 3034 1357 3111 fusionem
1375 3071 1385 3128 3
1408 3034 1441 3113 dc
1460 3041 1507 3114 sa·

147 3136 189 3207 ris
200 3132 256 3204 diu
269 3136 303 3203 in
324 3136 399 3230 igne
418 3130 558 3201 fornacis
570 3155 734 3227 permanet
751 3188 761 3217 ,
779 3153 813 3201 ut
834 3125 911 3201 sales
927 3154 1072 3226 exaequo
1086 3155 1142 3229 per
1155 3154 1259 3203 totam
1275 3141 1349 3208 vitri
1372 3136 1507 3211 massam

147 3222 369 3299 diffundantur
388 3253 397 3296 ι
416 3228 499 3296 unde
512 3224 586 3295 huic
599 3227 810 3298 incommodo
830 3250 896 3295 non
913 3220 1074 3319 subjacet,
1092 3233 1138 3298 uti
1161 3252 1221 3300 nec
1241 3237 1323 3304 vitra
1349 3232 1508 3325 colorata,

147 3327 183 3411 'nt
227 3321 320 3395 uibus
339 3346 509 3422 perparum
530 3324 608 3394 inest
628 3323 797 3394 metallicae
811 3327 962 3393 matetiae.
1092 3334 1098 3345 ’

192 3348 232 3489 sd
276 3418 382 3489 uidem
399 3439 515 3489 notum
526 3417 592 3497 est,
607 3443 675 3512 quo
689 3420 805 3501 diutius
821 3422 895 3487 vitri
915 3422 1046 3488 nrateria
1061 3423 1094 3488 in
1114 3419 1251 3505 catillo,
1267 3446 1322 3494 aot
1339 3424 1403 3494 olla
1422 3427 1507 3496 deti.

147 3444 348 3599 netursusa,
372 3512 438 3585 hoc
450 3517 571 3586 vitrum
583 3513 645 3584 ell'e
658 3516 757 3611 magis
771 3511 992 3610 pellucidum,
1011 3512 1191 3584 dummodo
1217 3541 1284 3585 nou
1305 3519 1408 3589 obstet
1431 3526 1508 3593 vitri

147 3613 284 3685 materia
299 3607 342 3680 ob
356 3614 501 3681 nativum
525 3610 684 3681 colorem.

201 3712 217 3778 Ι
234 3711 259 3776 1.
286 3704 323 3773 ld
342 3728 475 3802 quoque
491 3705 536 3775 est
554 3703 755 3802 exploratum
775 3758 785 3790 ,
811 3726 942 3774 arenam
959 3705 992 3772 in
1010 3705 1084 3800 igne
1099 3728 1167 3774 non
1184 3704 1304 3802 liquari
1320 3708 1377 3782 nist
1392 3710 1509 3789 salium

147 3801 353 3892 §perdentium
366 3825 452 3896 ope,
468 3809 501 3873 dt
521 3799 736 3897 quorumdam
746 3793 859 3870 salium
874 3801 967 3894 cupid
981 3803 1056 3869 vitri
1070 3797 1212 3874 colorem
1227 3860 1238 3889 ,
1252 3801 1274 3873 sr
1290 3812 1360 3904 quis
1378 3806 1414 3881 srt
1426 3867 1437 3899 ,
1450 3814 1510 3884 de·

147 3898 208 3974 leri
222 3923 232 3969 a
245 3897 325 3967 adeo
338 3919 419 3967 utcr
444 3895 569 3968 stallum
583 3919 713 3992 rupeam
731 3896 892 3966 interdum
914 3895 1104 3970 candore&
1126 3892 1229 3996 specie
1251 3895 1376 3999 superet
1398 3933 1408 3978 a
1430 3907 1511 3982 hinc

146 3991 187 4071 fit
206 4013 244 4064 ut
263 3989 403 4063 artifices
418 3924 496 4088 sape
512 4014 636 4063 tantam
647 3984 761 4063 salium
779 4015 820 4061 co
843 3995 908 4061 iam
923 4014 1112 4089 apponant,
1132 4017 1168 4064 ut
1181 3997 1346 4090 particula
1360 3998 1507 4089 silicum,

146 4096 360 4166 &arenarum
393 4083 778 4183 aucioressrnt,qualmut
791 4017 867 4158 sales
880 4110 994 4157 omnes
1007 4087 1181 4188 complecti
1195 4087 1512 4198 poffint,&regere;
1623 4147 1627 4152 -

146 4184 234 4260 mdc
245 4114 407 4283 particula
425 4179 495 4254 salis
510 4182 664 4281 paulatim
681 4179 847 4254 solvuntur
869 4205 908 4252 ex
932 4179 1068 4277 liquoris
1092 4189 1188 4281 aquei
1212 4193 1390 4281 contactu,
1408 4218 1508 4291 arque

146 4280 286 4354 humore
304 4276 436 4351 imbutae
454 4277 698 4351 intumescentes
715 4287 872 4374 majorem
886 4277 987 4375 quarn
1002 4301 1096 4352 antea
1116 4281 1227 4356 locum
1251 4309 1412 4385 occupant
1437 4345 1448 4375 ,
1472 4299 1509 4364 dt

146 4378 224 4452 vitri
238 4373 392 4462 cellulas,
406 4371 523 4473 quibus
535 4379 762 4461 continentur,
775 4374 904 4446 tandem
922 4368 1132 4472 disrumpunt·
1180 4383 1235 4451 Sic
1256 4385 1378 4454 aditum
1395 4408 1512 4483 parant

146 4471 281 4547 humori
325 4477 464 4544 extrario
493 4525 504 4557 ,
549 4475 593 4541 ita
624 4491 661 4542 ut
686 4469 784 4542 salina
808 4467 996 4570 corpuscula
1020 4479 1107 4547 vitro
1131 4473 1354 4574 circumposita
1375 4501 1485 4576 tangat
1497 4515 1512 4572 5

146 4564 319 4666 quousque
346 4568 386 4638 ad
407 4567 654 4638 calcinarionem
672 4570 831 4662 integram
847 4589 982 4640 ventum
1008 4564 1076 4658 fir;
1098 4569 1197 4668 idque
1218 4577 1242 4644 a
1261 4573 1390 4670 liquore
1409 4581 1510 4650 etiam

146 4659 286 4761 insipido
298 4720 310 4751 ,
321 4667 390 4734 imo
398 4661 439 4736 ab
453 4661 588 4734 humido
604 4667 676 4733 a'e‘re
688 4663 848 4733 interdum
859 4659 1081 4761 proficiscitur.

190 4761 281 4860 ΠΙ,
302 4764 387 4867 Qae.
397 4765 481 4857 vitra
502 4757 663 4838 metallici
675 4756 810 4856 aaron
821 4755 986 4858 abundant
1004 4815 1019 4854 ,
1037 4755 1079 4834 ab
1100 4758 1199 4854 acidis
1215 4766 1443 4846 tantummodo
1464 4768 1509 4858 ti,

1246 4858 1354 4967 §aa
