3646 5430
423 356 745 450 Acaunum
802 357 1136 434 HISTORIA.
1176 363 1298 439 Lini
1452 384 1512 459 ro)

178 454 344 554 pinninum
359 454 443 526 inter
458 452 490 524 se
502 448 680 525 dissidentes
694 455 848 524 inducant
859 508 871 540 ,
883 454 964 524 adeo
972 476 1008 525 ut
1021 453 1147 552 aliquot
1155 454 1390 559 hexapedatum
1404 457 1512 533 discri.
1527 453 1644 546 Apim

174 576 240 623 men
253 557 289 621 in
300 548 471 621 altitudine
485 548 551 619 loci
574 544 805 620 observationis
822 544 999 621 senfibilem
1014 545 1127 621 afferat
1152 549 1370 627 differentiam
1396 561 1429 627 iu
1447 563 1512 628 mi·
1526 550 1647 621 nontin

171 645 297 716 noiibus
319 641 454 716 Solis&
472 639 643 729 Stellarum
657 639 893 716 altitudinibus.
958 669 1032 738 uate
1050 644 1091 713 ad
1112 645 1343 721 tesradlionum
1370 647 1515 724 tabulam

168 764 258 836 penes
273 733 413 809 diversas
428 737 610 808 altitudines
635 732 849 809 observatoris
871 647 1171 830 nrdlaciendam,
1198 739 1422 818 Observatorii
1447 749 1516 817 Re·
1586 800 1592 810 .

167 838 207 928 gii
228 830 326 932 supra
349 838 448 904 maris
462 829 643 929 planitiem,
655 833 869 904 elevationem
885 832 1114 931 explorandam
1127 861 1187 933 pro
1212 834 1294 910 osuit
1315 847 1356 912 D.
1381 839 1515 915 Caffini.

167 931 232 1020 Qi
255 932 357 999 etiam
384 927 469 997 hanc
487 920 622 1024 suscepit
640 931 872 1024 provinciam,
897 950 934 997 ut
952 926 1096 998 tabulam
1121 863 1329 1006 conditones
1345 993 1355 1021 ,
1383 961 1447 1030 qua
1464 936 1516 1004 di.

167 1021 296 1094 vetfitas
311 1022 542 1093 resrastionum
559 1022 600 1090 ad
615 1020 707 1092 statas
722 1023 743 1094 d
756 1025 851 1093 maris
862 1018 1025 1120 superficie
1036 1022 1233 1097 elevationes
1255 1052 1292 1098 ex
1315 1028 1514 1103 observatio-

164 1117 319 1188 nibusin
340 1141 407 1186 uno
424 1114 503 1186 loco
528 1112 620 1186 factis
633 1115 860 1188 determinaret
873 1172 885 1204 ‚
898 1122 1058 1214 quantuni
1071 1116 1135 1192 fert
1156 1125 1235 1195 a'e'ris
1259 1123 1462 1223 refringentis
1481 1129 1516 1195 in

169 1207 300 1282 divetfis
320 1211 402 1285 locis
428 1203 641 1282 consistentia.
1499 1223 1506 1239 ·

593 1537 890 1624 CAPUT
984 1546 1118 1628 ΙΙΙ.

429 1759 484 1826 De
516 1742 824 1857 obstructionibus
846 1752 887 1828 in
917 1723 1102 1834 anesin
1124 1750 1254 1860 fadis.

167 1961 196 2028 i.
223 1959 392 2128 CUm
422 1956 648 2056 promovendae
672 1954 885 2030 Astronomiae
916 1954 995 2029 illud
1030 1956 1165 2058 perutile
1196 1956 1358 2052 judicasset
1387 1959 1511 2031 Acade·
1530 1958 1637 2051 Obstr.

321 2061 424 2141 mia,
451 2058 579 2124 mittere
608 2056 642 2119 in
662 2071 715 2120 eus
743 2052 899 2123 Americae
925 2065 1132 2151 partes'quae
1164 2059 1270 2124 Lineae
1294 2055 1512 2150 aequinoctiali
1528 2061 1629 2123 Ams-

169 2143 241 2218 sunt
264 2144 429 2237 finnintae,
451 2153 557 2217 vitum
579 2143 767 2216 observandi
797 2154 937 2244 peritum
958 2155 992 2219 ot
1015 2152 1247 2233 exercitatum,
1283 2147 1359 2220 huic
1373 2155 1417 2220 tei
1436 2176 1512 2250 per*
1527 2150 1627 2221 risen

170 2241 308 2315 liciendae
323 2243 432 2341 selegit
451 2249 497 2315 D.
511 2240 632 2314 Richet
655 2231 795 2332 ejusdem
823 2243 1001 2313 Academiae
1023 2240 1146 2313 socium
1171 2300 1180 2324 ,
1205 2250 1261 2337 qui
1293 2239 1372 2335 jullu
1397 2250 1507 2319 Ludo-

170 2343 235 2410 vici
250 2341 289 2408 M
333 2344 367 2408 ni
385 2336 548 2436 profectus
568 2336 613 2406 est
633 2328 739 2406 mense
762 2337 905 2407 octobri
924 2360 1012 2406 anno
1029 2356 1133 2423 1671,
1159 2363 1198 2437 ac
1225 2335 1364 2434 Ruprlla
1387 2336 1512 2414 solvens
1552 2406 1556 2414 .

172 2432 280 2507 mense
292 2362 459 2534 ¹latitando
482 2437 559 2503 armi
581 2447 689 2520 1672,
705 2425 812 2500 mense
830 2431 935 2529 Aprili
954 2432 1164 2529 Cayennam,
1187 2434 1257 2526 quo
1271 2434 1379 2501 mitius
1394 2434 1511 2526 fastrat,

228 2551 332 2600 venit.

172 2556 268 2698 Peli.
291 2619 686 2719 l’rimtlmilleutrumque
711 2616 889 2691 Solstitium
912 2621 1056 2692 aestivum
1073 2629 1108 2695 dt
1134 2621 1304 2694 hibernum
1324 2645 1411 2692 anno
1433 2637 1511 2711 1672

177 2723 344 2819 diligenter
357 2713 532 2790 observavit
544 2715 672 2813 aliquot
685 2739 759 2788 ante
771 2723 805 2786 δι
824 2715 894 2812 posi
916 2738 1090 2812 utrumque
1113 2716 1235 2790 diebus,
1264 2721 1364 2816 Qrod
1391 2720 1428 2785 in
1446 2724 1513 2790 Eu-

169 2843 253 2915 ropa
273 2809 405 2884 vizlieri
417 2819 524 2909 potuit
536 2812 647 2882 eadem
667 2810 823 2881 evidentia
841 2865 852 2896 ,
870 2812 914 2883 ob
939 2836 991 2882 eas
1037 2837 1084 2882 uae
1100 2818 1267 2884 incurrunt
1291 2811 1512 2903 refractiores,

172 2934 308 3010 quaeque
322 2909 392 2978 sunt
405 2914 525 3006 exigua
544 2911 576 2974 in
593 2931 631 2976 ea
646 2904 756 2978 insula.
792 2908 882 2977 Nam
903 2905 986 2978 Solis
1008 2837 1145 2978 dtitudo
1157 2907 1331 2978 meridiana
1346 2931 1513 3001 nunquam

171 3015 279 3079 minor
305 3008 351 3076 est
376 3020 412 3071 σι
435 3001 584 3101 gradibus
610 3026 716 3087 ‚tum
737 3003 869 3072 Lutetiae
890 3009 925 3074 in
955 2998 1088 3072 solstitio
1112 3001 1257 3104 hyemali
1282 3007 1390 3076 minor
1413 3004 1450 3076 stt
1478 3009 1513 3077 td

189 3108 257 3179 rad.

167 3130 260 3288 gis
289 3201 329 3268 iis
347 3193 619 3268 observationibus
634 3197 678 3266 D.
692 3189 812 3265 Caffini
826 3195 859 3262 in
870 3188 1041 3265 Elementis
1066 3195 1297 3267 Astronomicis
1321 3199 1425 3294 Typis
1445 3201 1515 3271 Re·

169 3302 225 3393 giis
241 3293 351 3393 postea
365 3292 456 3361 editis
468 3311 672 3386 apparentem
686 3294 756 3361 Tro
780 3294 904 3358 icotum
916 3288 1094 3361 distantiam
1105 3295 1186 3361 eruit
1197 3304 1242 3383 46
1258 3345 1269 3376 ,
1284 3317 1347 3386 57,
1364 3321 1401 3385 4,
1415 3319 1516 3390 quam

168 3387 232 3489 ipse
254 3415 294 3460 ex
312 3383 367 3457 sua
388 3383 615 3455 refrastionum
635 3392 667 3455 dt
687 3315 893 3480 parallasium
914 3382 1021 3453 tabula
1042 3390 1201 3454 minorem
1221 3382 1281 3455 effe
1298 3410 1371 3454 vera
1396 3389 1516 3459 dilian-

168 3495 210 3558 tia
226 3513 266 3575 45
284 3479 431 3553 secundis
445 3476 601 3576 supputat.
635 3484 681 3549 Ex
701 3502 768 3572 quo
784 3499 858 3545 veta
871 3480 1089 3586 Tropicotutn
1102 3479 1245 3548 distantia
1271 3495 1339 3573 46,
1367 3507 1402 3571 57
1420 3536 1430 3566 ‚
1455 3507 1515 3575 49,

170 3567 1145 3761 smilis?2¹25}alls?l3‘¹33ll⁰„i„lllll¹3llllz
1164 3570 1518 3739 {uilissimi}

177 3797 195 3841 v
274 3770 371 3840 editis
394 3761 558 3834 definierat
584 3766 672 3860 grad.
708 3772 753 3847 46
775 3816 786 3846 ‚
809 3763 842 3845 ς8
866 3815 875 3844 ,
896 3782 919 3826 o
945 3795 956 3848 3
981 3759 1062 3828 adeo
1086 3782 1123 3830 ut
1157 3757 1318 3857 Eclipticae
1346 3758 1519 3836 declinatio

177 3890 234 3964 per
251 3854 472 3959 Capennenses
490 3854 726 3929 observationes
744 3853 933 3924 testastione
949 3856 1105 3924 corredlas
1128 3853 1164 3924 stt
1189 3857 1278 3952 grad.
1306 3881 1341 3942 23
1361 3912 1372 3942 ,
1393 3862 1432 3932 28
1448 3917 1457 3944 ‚
1473 3889 1519 3955 55.

297 3963 307 4025 i
330 3953 362 4025 se
383 3979 421 4024 ex
444 3950 716 4022 observationibus
741 3946 991 4020 bononiensibus
1015 3946 1175 4021 definierat
1193 3951 1282 4047 grad.
1299 3980 1370 4039 23,
1397 3980 1440 4044 ²9
1455 4013 1466 4044 ‚
1481 3985 1519 4046 ο,

171 3983 282 4150 dil:
305 3983 514 4121 dicendorum
538 4048 716 4118 differentia
733 4072 742 4116 ε
759 4043 834 4114 cuni
858 4044 1046 4141 Tychonici
1067 4043 1157 4116 illam
1180 4044 1351 4119 statuissent
1371 4075 1420 4151 gc,
1447 4077 1463 4116 2
1480 4081 1520 4145 3,

279 4176 313 4221 ο.
1406 4176 1411 4186 .

173 4176 203 4243 ¹3
216 4181 377 4317 'titinio
391 4262 499 4309 autem
515 4263 670 4338 apparens
688 4244 754 4328 ejus
778 4231 882 4326 insule
894 4238 1013 4306 eruitur
1032 4258 1070 4303 ex
1096 4230 1310 4308 solstitialibus
1321 4234 1523 4312 observasses

172 4339 264 4416 uibus
279 4362 329 4434 gr.
343 4367 389 4428 4,
410 4349 472 4430 56,
491 4363 551 4421 ιι,
579 4356 652 4404 vera
674 4354 781 4403 autem
802 4353 856 4429 per
876 4327 1102 4402 refraeliouem
1117 4334 1259 4403 coricus
1281 4335 1301 4404 :i
1325 4338 1369 4406 D.
1388 4333 1522 4426 Caffini,

210 4462 223 4508 .·
272 4491 282 4518 ,
314 4445 387 4516 6,ι
433 4461 490 4516 ,2.
1408 4465 1411 4469 >

171 4460 207 4533 gt
221 4463 347 4602 lstrtim
359 4457 552 4596 eximaxima
567 4533 600 4597 dc
616 4530 748 4595 minima
761 4524 927 4596 altitudine
948 4517 1052 4592 Stellae
1067 4522 1184 4620 polaris
1197 4526 1307 4595 itidem
1332 4522 1521 4618 observata,⁵

173 4624 310 4697 altitudo
324 4622 395 4695 Poli
415 4645 569 4717 appatens
589 4621 751 4716 colligitur
767 4645 817 4716 gr.
837 4651 851 4714 5
865 4651 934 4708 ‚7,
950 4646 995 4702 o,
1016 4619 1168 4690 excedens
1191 4620 1403 4695 altitudinemv
1417 4646 1457 4715 ap
1500 4669 1521 4682 .

173 4743 298 4792 retstem
315 4741 354 4790 ex
366 4711 581 4790 solstitialibus
602 4716 772 4791 deduntur
794 4743 846 4792 ro.
860 4720 1008 4807 min.48.
1025 4708 1152 4819 secund.
1178 4715 1269 4815 quod
1290 4647 1519 4807 proculdubio

1276 4811 1312 4900 O
1341 4811 1375 4910 iij
