3646 5430
390 354 711 429 ACADEMIAE
745 350 1081 429 HISTORIA.
1137 354 1213 432 tn.
1245 361 1291 432 ll.
1470 387 1528 460 ¹45

189 454 273 532 insulae
287 450 498 551 Madagascar
517 449 609 523 fundi
621 480 688 524 non
701 453 829 554 potuit,
839 446 979 550 salpetrae
995 450 1103 522 statim
1115 453 1211 524 instat
1221 449 1359 552 crystalli
1368 457 1529 533 mineralis
1544 440 1633 556 Chy-

120 632 122 639 ,
185 553 326 652 liquatus,
349 544 400 620 secl
414 554 494 619 ciera
511 547 690 624 flammam.
1544 558 1638 634 mica.

220 649 301 724 illud
318 674 388 719 non
410 645 684 718 contemnendum
702 642 841 717 arbitror
870 644 959 743 quod
984 650 1033 715 vir
1058 646 1227 719 industrius
1261 649 1308 723 D.
1330 648 1373 719 du
1401 649 1532 722 Buislon

182 748 351 820 Academia·
367 739 512 814 exhibuit
528 797 539 827 ,
553 744 731 813 extractum
745 737 863 814 scilicet
885 743 988 814 earnis
1004 740 1128 812 elixatae
1142 747 1175 812 in
1192 741 1314 816 tabulas
1336 749 1500 819 tedadlum
1519 773 1529 819 t

179 845 304 917 tarracia
325 840 462 937 quidem
483 833 609 932 jusculie
621 836 825 909 conficiendis
840 863 960 937 magno
974 833 1042 907 usui
1054 861 1138 908 tetra
1151 843 1298 937 marique
1318 839 1379 912 else
1389 844 1531 940 poliunt,

177 965 242 1011 narn
260 935 440 1008 commode
461 930 715 1034 perferuntur&
736 934 792 1004 diu
811 930 990 1006 conservati
1017 929 1145 1031 positure
1168 960 1177 1005 ε
1207 960 1270 1032 qua
1301 936 1341 1009 de
1365 963 1398 1010 re
1421 941 1533 1038 postea

175 1037 321 1108 dicemus.

218 1135 288 1206 Die
312 1156 351 1201 to
371 1127 489 1224 Martii
513 1136 593 1215 1676
623 1124 704 1224 lapis
729 1127 930 1216 hamatites,
958 1153 1040 1200 vena
1065 1128 1190 1228 plumbi
1214 1187 1225 1217 ,
1247 1126 1298 1202 seu
1321 1126 1532 1228 plumbago,

170 1250 259 1302 creta
273 1220 487 1308 Vesunnana3
504 1242 593 1292 terrae
611 1225 760 1318 damnato
776 1231 809 1296 in
826 1226 992 1321 pulverem
1005 1249 1096 1298 antea
1110 1227 1242 1296 tedadlae
1257 1284 1268 1315 ‚
1282 1223 1418 1326 gypsum
1437 1229 1532 1301 radiis

170 1321 327 1398 solaribus
336 1316 495 1417 erpofita,
510 1322 543 1388 in
562 1317 640 1389 foco
654 1315 773 1416 speculi
792 1322 902 1392 ullorii
912 1377 924 1410 ,
940 1321 1029 1418 quod
1046 1327 1079 1394 in
1094 1319 1294 1395 Bibliotheca
1315 1328 1419 1422 Regia
1434 1323 1532 1396 all'er-

171 1440 294 1504 vatur,
308 1420 340 1487 in
351 1421 468 1487 vitrum
482 1410 554 1486 sunt
575 1411 741 1489 conversa.

223 1517 343 1587 VIII.
368 1515 462 1583 Diea
493 1509 599 1605 ,Julti
616 1507 755 1604 ejusdem
775 1516 850 1582 anni
876 1515 923 1586 D.
945 1517 1082 1612 Hugens
1106 1513 1254 1612 lagenam
1277 1522 1414 1590 vitream
1438 1515 1533 1588 exhi·
1560 1550 1566 1567 =

173 1611 263 1703 buit,
278 1616 369 1704 cujus
382 1632 449 1704 pars
463 1541 529 1679 sere
552 1632 666 1703 quarta
679 1610 762 1681 terri
784 1606 903 1707 repleta
922 1606 1026 1680 fuerat
1049 1616 1134 1698 circa
1154 1607 1295 1684 mensem
1311 1617 1439 1684 Maium
1455 1621 1532 1686 anni

170 1724 247 1794 1672
285 1704 329 1776 sic
354 1699 481 1778 occlusa
501 1727 593 1792 erat,
615 1726 651 1775 ut
676 1699 781 1777 nullus
806 1708 876 1792 a'e'ti
891 1727 1013 1801 pateret
1041 1707 1154 1780 aditus.
1198 1711 1357 1807 Magnam
1379 1714 1534 1808 graminis

167 1807 301 1901 copiam
319 1826 359 1873 ea
376 1822 461 1873 terra
478 1800 632 1872 extulerat
649 1826 720 1896 quae
744 1800 891 1899 lagenam
917 1824 997 1897 pene
1018 1825 1123 1874 totam
1149 1802 1338 1901 impleverat
1359 1861 1370 1893 ,
1397 1813 1431 1876 δι
1453 1809 1533 1876 citra

165 1905 292 1976 externi
305 1901 386 1970 a'e'ris
404 1893 595 1970 beneficium
608 1902 842 1992 germinaverat
868 1929 879 1985 3
906 1892 1004 1968 herba
1018 1899 1128 1968 viridis
1139 1921 1208 1970 erat
1227 1954 1239 1986 ,
1264 1904 1330 1996 qud
1351 1921 1441 1997 parte
1464 1899 1534 1973 Soli

168 1999 275 2071 suerat
299 1991 454 2092 exposita.
491 1995 623 2064 Muscus
649 1998 747 2065 etiam
771 1991 924 2090 plurimus
942 1989 1130 2064 cernebatur
1149 2002 1239 2087 cujus
1261 1999 1380 2068 radices
1400 2003 1433 2069 iri
1459 2001 1535 2069 retis

168 2097 308 2166 modum
321 2097 367 2162 im
391 2090 486 2164 licita
508 2147 518 2178 ,
538 2090 691 2189 quiddam
708 2089 824 2163 charra
843 2084 958 2158 bibulae
986 2113 1052 2159 non
1075 2086 1219 2161 absimile
1264 2115 1303 2166 rae
1323 2088 1354 2164 se
1375 2092 1534 2169 serebant.

168 2192 335 2261 Graminis
353 2117 433 2260 filia
445 2194 479 2261 in
498 2206 616 2258 terram
638 2183 750 2260 inflexa
766 2208 865 2260 novas
879 2187 913 2254 in
934 2188 1008 2255 a'c‘re
1022 2185 1143 2258 radices
1164 2118 1333 2262 cursitant
1352 2214 1425 2288 quae
1443 2200 1534 2290 juxta

169 2289 293 2359 vitrum
311 2285 435 2384 serpere
453 2282 654 2358 videbantur.

215 2388 233 2454 1
249 2389 298 2457 X.
338 2386 385 2455 D.
401 2379 546 2453 Perrault
562 2384 704 2479 primurn
724 2375 853 2450 suorum
866 2381 1080 2450 tentaminum
1095 2377 1249 2451 volumen
1259 2379 1364 2479 legere
1378 2393 1533 2486 oceoepit,

168 2480 261 2581 quod
276 2477 388 2578 postea
400 2483 485 2575 typis
500 2473 649 2548 excusum
670 2477 725 2548 est.

219 2580 331 2646 Variae
352 2572 529 2671 plantarum
543 2571 802 2670 descriptionesd
822 2576 868 2643 D.
894 2575 940 2643 D.
964 2569 1093 2642 Dodart
1114 2579 1149 2647 dt
1169 2569 1341 2643 Marthant
1363 2571 1534 2648 elaboratae

171 2679 210 2745 in
235 2669 412 2742 Academia
430 2664 563 2739 discussa
588 2666 737 2754 suerunt,
751 2689 927 2763 earumque
946 2663 1088 2762 analyses
1106 2667 1128 2739 fa
1146 2671 1192 2740 D.
1217 2667 1388 2739 Bourdelin
1412 2667 1533 2760 sabia,

174 2764 331 2838 omnibus
349 2789 454 2836 coram
469 2765 610 2861 probata
624 2820 634 2851 ,
650 2771 684 2838 δι
704 2764 743 2833 ad
764 2788 804 2834 ea
824 2766 864 2834 de
887 2759 1004 2860 quibus
1028 2764 1152 2836 dietum
1176 2763 1238 2835 fuit
1258 2766 1383 2834 criteria
1403 2770 1530 2839 exacta.

171 2858 435 2959 Descriptionem
449 2861 593 2958 stirpium
604 2917 614 2946 ,
625 2886 663 2930 ac
684 2857 771 2930 velut
787 2856 946 2958 specimen
961 2861 1066 2954 operis
1086 2862 1174 2957 quod
1192 2855 1246 2928 fibi
1270 2855 1435 2956 proposuit
1451 2866 1536 2938 dta-

169 2961 303 3044 denua,
325 2965 389 3048 jam
407 2981 483 3028 ante
496 2957 615 3053 legerat
638 2961 683 3030 D.
700 2956 847 3042 Budare,
865 2963 899 3029 &
920 2977 1007 3025 anno
1027 2967 1124 3041 1676.
1145 2962 1193 3028 uti
1215 2961 1248 3025 δι
1261 2961 1348 3025 varia
1363 2978 1432 3027 tum
1445 2960 1534 3056 Phy.

171 3051 229 3126 fica
247 3075 321 3124 tum
347 3051 581 3123 Mathematica
608 3075 706 3149 opera
726 3052 881 3121 Ludovici
905 3053 1020 3146 Magni
1042 3049 1216 3143 juliacum
1235 3049 1344 3150 figuris
1361 3057 1537 3134 aetiincifia

171 3154 256 3248 regia
275 3148 372 3248 plane
390 3145 610 3219 munificentia
623 3144 733 3216 excusa
747 3143 817 3217 sunt
831 3143 1004 3315 &publici
1016 3151 1099 3241 jutis*
1114 3145 1212 3225 fasta.

219 3247 324 3318 Anno
338 3258 432 3335 1676.
449 3250 578 3315 ineunte
591 3250 637 3320 D.
654 3246 810 3315 Mariotte
824 3242 867 3314 ob
881 3245 1062 3314 errationes
1074 3243 1136 3318 ase
1156 3243 1257 3318 laetas
1269 3252 1353 3320 circa
1365 3245 1538 3324 refradlio-

172 3369 224 3417 nes
236 3341 476 3416 &reflexiones
493 3338 688 3440 globorum,
704 3343 761 3434 qui
778 3340 795 3410 ὲ
810 3336 958 3438 scopletis
971 3341 1145 3435 majoribus
1156 3346 1190 3413 in
1202 3368 1322 3441 aquam
1343 3369 1381 3414 ex
1399 3341 1537 3444 obliquo

172 3445 390 3524 emittuntur,
409 3435 512 3532 legit,
532 3431 622 3507 srmul
641 3442 726 3507 &ea
742 3459 813 3529 quae
838 3440 922 3505 circa
945 3431 1013 3506 soni
1034 3445 1068 3508 δι
1088 3435 1180 3534 globi
1198 3437 1316 3537 explofi
1337 3440 1535 3513 celeritatem

170 3533 413 3609 animadvertit.
436 3531 520 3602 lllud
533 3536 614 3604 inter
625 3531 685 3602 alia
703 3533 860 3627 comperit
873 3526 987 3599 sonum
997 3529 1166 3623 aliquanto
1178 3537 1263 3628 prius
1277 3537 1419 3629 percipi,
1435 3559 1536 3631 quam

173 3630 288 3729 globus
304 3638 323 3700 e'
338 3654 391 3724 ¹5⁰
406 3628 572 3727 hexapedis
586 3626 691 3700 missus
710 3648 825 3721 corpus
838 3619 1021 3722 oppositum
1036 3629 1204 3720 percutiat.

231 3724 406 3799 Nonnulla
421 3748 554 3819 quoque
571 3724 634 3794 hoc
649 3747 736 3794 anno
756 3728 789 3793 δι
812 3721 957 3808 proxime
978 3713 1121 3810 sequenti
1145 3724 1362 3818 experimenta
1384 3726 1469 3798 circa
1494 3727 1536 3802 li.
1566 3741 1574 3766 ²

178 3845 320 3917 quorum
341 3819 601 3919 coagulationem
622 3828 656 3894 δι
677 3812 949 3891 effervescentiam
977 3810 1152 3890 factasunt
1171 3817 1193 3890 ὲ
1216 3823 1261 3892 D.
1289 3819 1385 3893 Borel
1410 3824 1537 3901 Acade-

180 3941 284 3991 turco.

236 4016 626 4108 1·1Bntyrumanrimonii
645 4011 854 4086 testificatum
870 4068 880 4099 ,
894 4031 930 4083 ut
944 4017 1034 4085 aiunt
1044 4069 1055 4102 ,
1074 4019 1109 4086 &
1129 4011 1261 4086 ercolot
1282 4039 1346 4089 una
1367 4043 1442 4091 cum
1461 4023 1536 4097 oleo

176 4111 293 4180 tartari
307 4110 429 4182 mistum
445 4117 480 4183 in
493 4110 603 4183 album
618 4109 789 4210 coagulum
812 4107 915 4183 visum
936 4111 982 4182 est
1000 4107 1201 4183 concrescere
1216 4114 1296 4185 citra
1319 4111 1422 4187 ullum
1443 4119 1534 4190 calo-

181 4230 261 4281 rem.

225 4329 254 4375 a.
292 4301 383 4376 Oleo
403 4302 654 4400 Terebynthinae
680 4302 788 4375 oleum
817 4301 938 4374 vitrioli
965 4300 1119 4401 paulatim
1131 4300 1268 4377 affirsum
1286 4306 1407 4378 nullam
1423 4307 1532 4386 effecit

183 4405 458 4485 commotionem,
477 4398 528 4468 sed
575 4402 661 4470 ostea
671 4398 771 4470 ambo
790 4395 900 4470 senfim
918 4399 1100 4471 incaluere:
1123 4422 1221 4499 atque
1241 4400 1297 4472 ubi
1324 4400 1441 4474 baculo
1483 4432 1532 4477 er.

185 4497 267 4567 mista
285 4496 376 4567 suere
391 4554 401 4583 ,
418 4495 505 4566 calor
519 4428 739 4568 veliementior
753 4495 856 4568 sadlus
869 4496 914 4565 est
930 4552 939 4580 ,
955 4496 1045 4568 nullo
1065 4520 1237 4597 apparente
1255 4521 1359 4572 nrotu.
1393 4503 1445 4567 Mi
1474 4526 1534 4573 ura·

187 4589 313 4663 rubeum
337 4592 483 4662 colorem
506 4596 694 4680 contraxit,
727 4618 824 4691 quem
847 4589 972 4694 spiritus
988 4598 1087 4667 urina
1108 4592 1246 4666 debilior
1267 4597 1390 4693 penitus
1412 4593 1530 4669 delevit

189 4680 282 4759 liaeo
295 4686 407 4759 colore
420 4688 564 4759 indusio.

116 4834 119 4881 ;
228 4808 254 4872 3.
278 4788 418 4884 Spiritus
441 4789 538 4856 urinae
557 4789 590 4854 o<
613 4781 721 4858 oleum
737 4784 859 4862 vitrioli
878 4783 970 4862 fimul
988 4789 1139 4886 perorista
1153 4786 1235 4860 adeo
1255 4779 1471 4956 efferbprerunt
1496 4814 1531 4867 ut

1215 4941 1225 4968 Ι
