3646 5430
374 403 719 477 ACADEMIAE
770 401 1247 479 HISTORIA.Ln.1.
1462 439 1509 496 ¹71

186 502 300 665 {ligabo
314 496 380 571 dies
391 500 455 569 hoc
465 496 662 597 dispendium
674 502 707 568 in
722 497 855 568 homine
873 502 972 571 medii
985 499 1145 604 eujusdam
1158 497 1282 572 habitus
1292 507 1435 603 corporis
1450 507 1510 578 fuit
1529 511 1582 667 Dp

233 617 360 668 rutum.
1527 610 1592 671 Pa
1646 634 1651 643 ·

215 685 323 761 Mense
337 689 430 783 Julio
450 686 612 762 nobilis&
633 689 826 784 pereruditus
837 695 1021 761 Germanus
1037 692 1081 762 D.
1103 687 1213 760 Sallitz
1235 688 1452 786 phosphorum
1470 697 1507 766 li.
1528 635 1629 765 rium

185 786 298 877 quidum
312 781 583 856 lllullrissdbbati
596 783 730 854 Colbert
739 807 824 853 nunc
837 779 1084 883 Arcbiepiscopo
1100 782 1353 882 Rothomagenfi
1367 790 1509 886 prinulm

182 879 319 956 ostendit,
332 904 372 948 ae
384 884 472 947 varia
483 885 550 966 ejus
586 878 777 948 boenomena
796 877 888 949 nobit
901 903 1010 948 coram
1021 877 1105 969 sadla
1118 874 1199 949 sunt.

215 977 281 1044 tv.
316 976 406 1042 Cum
432 973 472 1040 de
498 905 600 1043 mellis
629 976 752 1068 origine
775 987 846 1042 orta
868 969 944 1043 esset
967 968 1154 1068 disceptatio
1177 1027 1187 1058 ,
1226 979 1273 1044 D.
1304 974 1345 1044 du
1383 983 1511 1077 Verncy

172 1062 283 1165 scripto
304 1065 493 1138 sententiam
513 1063 600 1137 suam
613 1063 784 1163 exposuit,
806 1090 843 1135 ac
864 1064 1010 1163 ptimdm,
1029 1091 1143 1136 corum
1162 1069 1309 1165 expendit
1327 1073 1514 1163 opinionem

172 1167 224 1256 qui
235 1184 349 1258 putant
360 1161 426 1232 mel
438 1157 499 1229 else
509 1185 662 1259 vaporem
687 1161 706 1228 ἐ
722 1158 854 1229 floribus
871 1160 1014 1257 stirpium
1036 1158 1193 1230 sublatum
1214 1169 1248 1232 dt
1262 1160 1382 1259 frigore
1400 1164 1521 1237 densa··

167 1274 260 1342 tom,
275 1280 370 1349 quern
385 1255 500 1325 deinde
509 1281 583 1353 apes
596 1264 660 1347 iarn
674 1276 881 1353 praeparatum
894 1253 1061 1351 colligunt.
1086 1261 1113 1325 li
1127 1256 1257 1351 quidem
1270 1257 1385 1327 meritti
1397 1284 1514 1358 negant

167 1350 236 1421 tnel
249 1349 313 1420 elle
323 1349 481 1447 quoddam
495 1356 574 1420 roris
585 1352 814 1446 genusexa'e're
828 1345 987 1434 delapsum
1005 1376 1015 1422 ι
1035 1374 1110 1419 cum
1131 1349 1239 1444 liquor
1261 1349 1315 1418 ille
1335 1357 1392 1446 qui
1411 1355 1514 1426 mellis

168 1468 320 1516 naturam
331 1442 445 1530 refert,
462 1467 598 1541 quaeque
610 1440 750 1532 partibus
763 1439 880 1512 infimis
892 1441 1036 1532 florum,
1054 1466 1090 1516 ut
1104 1443 1176 1514 Lilii
1188 1443 1301 1529 ludici,
1314 1469 1368 1516 aut
1379 1450 1520 1519 Ranun·'

172 1539 237 1613 culi
352 1536 634 1634 einsidentpamis
647 1535 853 1634 receptaculis
866 1542 1111 1627 contineantur}
1125 1559 1222 1630 atque
1234 1542 1267 1606 in
1280 1561 1322 1607 eo
1332 1564 1447 1635 genere
1456 1544 1516 1618 lilii

170 1660 216 1733 qu
270 1637 440 1708 Coronm
452 1632 655 1729 imperialem
668 1652 787 1702 vocant
799 1687 810 1717 ,
824 1639 911 1723 cujus
921 1656 957 1702 ea
980 1655 1016 1704 ut
1028 1655 1145 1705 tetram
1155 1626 1260 1702 versus
1274 1634 1312 1702 de
1336 1640 1461 1711 timitur
1471 1697 1482 1727 ,
1491 1638 1521 1711 li·

168 1753 313 1803 extremo
348 1735 355 1746 '
378 1733 415 1800 iti
427 1751 498 1823 quae
510 1728 646 1825 pendent
652 1725 777 1824 guttule
789 1722 927 1796 abstersae
943 1657 1075 1814 uberim,
1087 1729 1191 1798 statim
1202 1751 1293 1796 novae
1304 1659 1513 1822 ilrccrescunt,

167 1826 216 1896 vel
235 1829 271 1896 in
363 1829 397 1893 io
408 1823 460 1892 die
472 1845 548 1891 eum
563 1822 650 1892 aestu
664 1830 768 1914 major
780 1820 825 1888 est
839 1876 850 1907 ,
864 1829 897 1892 δι
910 1845 963 1891 ros
981 1826 1085 1891 omnis
1102 1820 1271 1894 exhalavit.
1299 1826 1408 1918 Qare
1432 1829 1515 1898 mel·
1538 1869 1542 1876 ·

166 1919 291 1992 litaeeae
346 1916 468 1990 ttulaee
479 1913 574 1986 succo
593 1915 772 2012 plantarum
782 1912 864 1986 bene
877 1917 974 1986 coelo
985 1923 1020 1987 dt
1031 1915 1198 2028 percolato
1213 1917 1247 1985 in
1285 1916 1448 1990 uibusdam
1467 1945 1517 1991 re·
1629 2005 1632 2010 Ι

166 1943 345 2112 eepocusisu
350 2008 438 2110 quali
456 2016 489 2081 in
501 2012 636 2081 totidem
656 2008 811 2108 glandulis
822 2065 834 2097 ,
848 2034 919 2109 quae
938 2007 1150 2110 peculiaribus
1171 1941 1335 2083 valissuut
1356 2018 1518 2112 praeditat,

167 2106 302 2204 formari
310 2109 502 2178 videntur&
516 2104 603 2176 foras
613 2105 767 2201 protrudi.
822 2136 826 2145 ·

208 2208 289 2304 Jatu
299 2208 390 2274 enim
402 2225 442 2314 eir
456 2196 727 2312 observationibus
741 2199 853 2275 clariis.
871 2201 942 2272 Mal
967 2203 1047 2300 igbii
1062 2201 1140 2285 illud
1153 2206 1276 2277 constat
1289 2263 1300 2293 ,
1324 2204 1515 2277 terebinthi-

168 2290 1057 2485 utereturi{illiniuntur
1081 2297 1424 2464 nullutn
1439 2327 1518 2462 iu

168 2487 265 2560 litum
279 2487 464 2582 liquorem,
481 2492 568 2575 cujus
581 2507 692 2555 natura
703 2508 769 2552 non
789 2478 926 2553 nsultum
945 2480 986 2552 ab
1001 2478 1230 2554 Terebintbina
1249 2484 1384 2571 diffidet,
1401 2483 1518 2555 secerni

168 2607 227 2679 pet
238 2577 313 2650 uasa
325 2578 465 2675 quaedam
477 2579 651 2648 admodum
664 2573 831 2648 verifimile
847 2577 901 2647 est.
924 2577 1024 2676 Quod
1039 2573 1161 2647 sienim
1173 2577 1236 2662 mel
1246 2605 1312 2649 non
1328 2577 1413 2648 aliud
1425 2581 1519 2675 quid.

172 2671 339 2744 dameiset
354 2694 579 2772 pretetrorem
597 2670 637 2744 fri
662 2697 717 2742 ore
729 2667 951 2758 densatum,is
972 2669 1087 2740 caloris
1105 2669 1321 2744 vidilllaretut
1344 2699 1355 2744 t
1377 2669 1427 2744 sed
1452 2697 1519 2742 non

171 2769 291 2845 estita.
319 2770 407 2860 Otto
417 2762 481 2836 sole
497 2790 571 2862 apes
585 2697 660 2837 mes
668 2766 824 2864 colligunt
836 2821 848 2853 ,
862 2791 982 2866 magno
990 2766 1110 2836 indicio
1131 2765 1210 2837 illud
1230 2768 1386 2866 quidquid
1404 2769 1471 2854 est,
1497 2775 1518 2838 d

171 2888 249 2934 tote
260 2858 330 2961 ipso
343 2857 484 2933 multllm
497 2858 651 2933 dissidere.
1297 2864 1299 2868 '
1400 2855 1407 2868 ’

220 2967 262 3030 V·
296 2962 336 3030 Et
346 2958 477 3054 quidem
489 2979 604 3026 manna
617 3011 628 3042 ,
643 2955 734 3052 quod
746 2957 790 3027 eu
805 2956 907 3026 mellis
921 2959 1084 3052 quoddam
1097 2980 1195 3052 genus
1208 3015 1218 3045 ,
1232 2982 1268 3028 ex
1280 2982 1351 3029 rore
1367 2980 1434 3028 non
1443 2984 1518 3057 pto·

172 3053 219 3124 dit
233 3082 243 3124 ε
255 3048 309 3122 sed
324 3050 436 3123 succus
452 3050 495 3120 ell
510 3047 634 3120 fraxino
648 3073 702 3121 aut
718 3077 820 3138 orno,
832 3074 888 3147 per
906 3048 1071 3122 incifiones
1083 3051 1180 3141 fodias
1192 3057 1227 3121 in
1240 3057 1334 3123 tamis
1354 3052 1493 3123 defluens
1508 3079 1517 3122 τ

172 3149 254 3220 adeo
276 3170 314 3219 ut
333 3167 530 3217 mannanon
545 3146 647 3216 erote
669 3151 827 3241 originem
851 3141 939 3216 suam
960 3146 1078 3233 ducat,
1099 3143 1150 3216 sed
1177 3148 1195 3217 ὲ
1217 3145 1398 3245 plantarum
1424 3144 1521 3218 succo

244 3241 379 3315 tubulos
399 3239 474 3311 huic
492 3260 617 3336 aptatos
632 3239 799 3337 separetur.
825 3243 942 3311 Eadem
962 3244 1084 3312 videtur
1099 3245 1181 3312 ratio
1193 3241 1326 3339 liquoris
1339 3240 1424 3311 illius
1437 3243 1522 3314 mel·

173 3265 354 3436 bisdequo
366 3337 503 3407 diximus
518 3389 529 3421 ,
545 3339 602 3431 qui
616 3358 801 3406 tamennon
814 3338 937 3408 videtur
954 3336 1056 3407 mellis
1072 3334 1114 3406 ab
1131 3334 1242 3434 apibus
1261 3341 1427 3434 praeparati
1448 3363 1520 3407 ma·
1606 3387 1611 3395 -

175 3454 264 3506 tetra.

219 3531 302 3599 Hoc
314 3531 414 3624 igitur
432 3525 531 3597 modo
553 3523 617 3594 mel
633 3522 749 3595 confici
761 3527 896 3597 videtur.
913 3531 938 3595 E
954 3525 1050 3593 corde
1066 3520 1135 3620 ipso
1154 3525 1334 3618 plantarum
1354 3521 1522 3617 complura

175 3623 335 3721 prodeunt
347 3619 509 3691 silamenta
523 3643 577 3691 aut
593 3619 725 3688 llamina
750 3675 760 3705 ,
782 3642 952 3713 quoruma
975 3623 1037 3686 ices
1050 3620 1143 3686 certis
1155 3613 1352 3713 temporibus
1373 3638 1526 3709 magnam

179 3716 601 3816 pulverisoopiamexvariis
609 3711 747 3810 globulis
758 3710 927 3810 composui
938 3644 1147 3809 lilppeditant.
1170 3709 1526 3803 Praeeipuusllaminum

180 3806 255 3880 usus
265 3809 291 3877 lo
301 3809 447 3893 videtur,
461 3831 497 3879 ut
510 3806 626 3904 llplum
635 3812 668 3876 in
679 3811 788 3876 medio
802 3804 939 3903 positum
951 3827 1097 3876 tueantur
1110 3802 1179 3876 ised
1191 3800 1358 3878 &inseetis
1371 3801 1525 3900 plerisque

177 3901 478 4014 alimentapraebent
488 3927 558 3999 quae
566 3899 641 3970 huic
650 3901 771 3998 pulveri
783 3896 914 3971 insidere
928 3912 1109 3973 cernuntur.
1137 3907 1238 3973 Hune
1256 3921 1330 3995 apes
1347 3894 1525 3995 colligunt,

179 4021 250 4068 non
265 3996 329 4065 mel
338 3994 438 4158 ipsum
451 3995 569 4068 llorum
585 3995 671 4066 soliis
682 3994 833 4082 infitum3
850 4020 1015 4091 nunquam
1028 3999 1115 4104 enim
1130 3995 1177 4065 bis
1195 3998 1338 4067 coronae
1348 3994 1539 4106 Imperialis⁸

153 4197 156 4201 '
182 4086 1156 4283 recbpptjtcbiibncberttlitiabesprlbllbb’tusre(lpiitbtblb'libieffillisis]
1165 4089 1354 4280 blasiibild
1373 4188 1405 4252 in
1423 4183 1527 4253 mellis

186 4304 329 4353 naturam
338 4301 530 4350 convertunt
544 4314 554 4368 3
573 4276 614 4348 fic
635 4285 667 4348 in
691 4276 876 4376 bombyce,
893 4283 1042 4347 erucis&
1058 4284 1179 4348 araneis
1188 4279 1300 4349 dudius
1313 4279 1443 4373 quidam
1456 4302 1524 4346 cer.

190 4399 299 4447 uutttut
309 4379 345 4443 iu‘
354 4379 461 4444 varios
469 4373 630 4444 anfractus
638 4371 704 4444 fere
719 4398 753 4443 ut
765 4375 909 4443 intestina
922 4369 1100 4444 convoluti.
1119 4378 1167 4445 Hi
1178 4373 1302 4468 liquore
1317 4373 1457 4466 quodam
1467 4376 1526 4440 im·

193 4469 306 4566 plentur
323 4473 383 4566 qui
396 4493 451 4562 pet
464 4466 684 4565 proboscidem
700 4474 733 4538 in
749 4492 859 4537 mento
872 4465 1005 4565 pofitam
1020 4463 1179 4563 protrusus
1192 4473 1224 4536 in
1237 4464 1290 4536 fila
1305 4468 1459 4536 diducitur
1471 4521 1483 4554 ,
1494 4471 1528 4537 dt

195 4565 263 4636 telle
275 4587 331 4636 aut
343 4564 415 4637 telae
426 4587 525 4659 quam
539 4563 605 4634 haec
618 4560 810 4635 animalcula
823 4582 999 4635 contexunt
1018 4568 1183 4635 nutetiem
1196 4558 1348 4659 suggerit.
