3646 5430
355 316 704 407 reiorum
746 318 1246 413 trimontium.
1403 347 1452 432 ri·

74 440 78 447 '
120 412 351 500 Remissane
370 481 383 514 ,
406 434 441 498 δε
461 423 658 495 thermarum
673 422 815 497 calorem
828 453 867 499 err
884 455 1042 527 vaporum
1065 437 1270 527 permistione
1289 426 1361 507 duci
1382 438 1449 511 aliis
1464 434 1571 528 ΑΜ

77 533 216 625 'quoque
233 522 362 591 iudiciis
378 518 499 592 suaderi
519 520 631 616 potest.
668 525 758 592 Nam
783 530 817 595 δι
842 523 986 623 linguam
1010 554 1077 599 non
1101 528 1144 600 fic
1159 532 1322 616 adurunt,
1350 556 1447 631 atque
1463 535 1573 623 rii'riir.⁴

75 646 163 719 aqua
177 620 366 692 communis
381 673 392 704 ,
407 639 478 714 quae
490 639 528 685 eri
542 620 616 712 igne
629 618 778 687 eumdem
793 618 910 690 caloris
930 626 1065 725 gradum
1087 631 1181 696 nasia
1195 625 1239 696 est
1260 653 1268 695 :
1293 625 1447 723 siquidem
1542 616 1556 624 ‘¹

75 742 179 817 rapot
206 715 262 787 ille
288 718 395 785 tenuis
418 737 485 782 non
498 733 566 781 tam
585 708 651 784 alte
667 717 864 809 imprimitur
879 721 913 786 in
933 719 1038 790 uerus
1052 747 1196 819 organo,
1213 744 1312 816 atque
1336 749 1443 820 aqua,

77 824 165 909 cujus
202 835 287 884 artes
298 804 370 879 sunt
393 806 557 878 crallioies
570 813 603 878 &
618 812 701 907 ignis
716 805 843 907 spiculis
858 836 997 884 armate.
1024 818 1078 886 Sic
1090 823 1262 888 teneriores
1276 815 1387 890 herbas
1408 845 1444 894 ut

71 841 238 984 acetoiim
258 930 326 977 non
338 927 485 1003 coquunt
504 903 615 974 eadem
628 904 789 976 celeritate
801 926 834 976 at
859 931 932 979 uea
958 935 999 980 ua
1020 920 1215 999 communis,
1230 917 1280 980 cui
1293 916 1443 989 idemca.

72 1005 151 1078 loris
167 1007 290 1107 gradus
301 1003 385 1074 inest.
425 996 605 1097 Hincsaepe
623 1025 714 1096 aquae
725 931 893 1072 minersles
909 936 1075 1078 callidiores
1085 1004 1157 1080 sunt
1172 1007 1271 1080 noeti
1289 1013 1440 1105 quamde

75 1103 149 1189 die,
169 1101 266 1199 quod
279 1104 300 1168 ii
316 1121 452 1198 vapores
463 1119 597 1166 externo
613 1101 692 1166 airis
707 1094 828 1195 frigore
842 1106 1051 1175 eo'e'rceantur
1067 1139 1078 1197 5
1099 1109 1123 1174 ii
1144 1126 1244 1207 porro
1255 1110 1320 1176 a'e'ri
1335 1130 1440 1207 erpm

72 1194 123 1268 fiii
137 1191 261 1267 diutirls
273 1195 415 1264 calorem
426 1189 518 1264 suuni
531 1212 671 1266 tuentur.

132 1300 210 1366 Vll.
232 1296 274 1361 [x
288 1288 404 1386 quibus
418 1284 630 1359 concludebat
643 1287 787 1385 prodesse
800 1290 962 1362 interdum
979 1296 1121 1370 calorem
1145 1323 1236 1393 aqua
1260 1320 1363 1397 epota:
1384 1298 1436 1373 his

77 1395 140 1484 qui
155 1389 322 1458 humidiori
339 1393 374 1457 dt
394 1382 514 1481 frigido
525 1380 597 1453 sunt
611 1405 888 1482 temperamento,
911 1413 979 1458 nori
997 1395 1075 1463 item
1096 1392 1234 1482 biliosis,
1250 1417 1305 1464 aut
1321 1401 1359 1466 iis
1376 1401 1434 1496 qui

76 1485 266 1580 pulmonum
277 1481 371 1569 tabe,
381 1500 436 1551 aut
447 1478 587 1549 aliorum
601 1476 756 1551 viscerum
769 1482 1066 1582 calidaintemperie
1079 1489 1236 1563 laborant.
1269 1492 1365 1561 Unde
1376 1517 1433 1564 ve.

75 1602 149 1650 teres
166 1578 251 1650 olim
267 1576 387 1648 balneo
401 1571 609 1662 tantrlm,aut
621 1574 803 1673 persrrhone
816 1577 984 1651 &lotione
996 1580 1193 1657 thermarum
1207 1592 1253 1660 uti
1266 1583 1431 1678 solebant,

74 1677 136 1775 pud
147 1676 257 1746 lentos
272 1681 304 1740 dt
323 1670 455 1770 frigidos
470 1668 622 1743 humores
634 1669 837 1749 resolverent.

112 1777 207 1844 Vlll·
245 1767 465 1842 Thermarum
482 1771 566 1837 vires
589 1773 781 1862 experientia
802 1775 926 1865 magis,
950 1799 1049 1872 quam
1064 1784 1211 1860 ratione,
1236 1784 1257 1852 sr
1279 1778 1344 1853 sola
1363 1784 1430 1875 htg

65 1866 301 1966 dignoscimus,
318 1888 426 1961 neque
448 1867 597 1934 omnium
610 1885 672 1931 una
686 1869 721 1934 δε
736 1865 847 1935 eadem
865 1866 911 1934 est
930 1892 1041 1939 natura
1065 1883 1098 1944 δι
1117 1879 1223 1970 origo.
1258 1883 1346 1949 Cum
1364 1906 1427 1950 an-

67 1968 219 2036 n01668.
253 1963 447 2057 Aquisgiani
464 1982 591 2055 agerem
611 1963 645 2028 iri
668 1962 825 2031 comitatu
846 1957 960 2033 llluslr.
984 1966 1148 2063 Legati&
1172 1969 1427 2070 plenipotentia-⁴

68 2067 105 2130 tii
124 2067 170 2132 D.
194 2057 305 2129 Caroli
318 2054 476 2139 colbert,
497 2054 603 2149 postea
625 2055 709 2151 Regi
725 2056 744 2129 ὲ
760 2050 979 2127 secretioribus
994 2064 1168 2149 mandatis,
1182 2071 1314 2166 experiri
1335 2071 1425 2144 volui

70 2182 106 2228 air
121 2181 185 2225 ova
205 2159 239 2224 iii
259 2158 363 2253 puteis
377 2154 492 2222 vicinis
506 2172 745 2243 coquerentur:
766 2148 833 2221 haec
852 2154 938 2222 intra
957 2179 1058 2250 pauca
1073 2156 1159 2230 hoiae
1184 2186 1351 2235 momenta
1371 2171 1424 2236 iii..

69 2247 229 2322 durescere
241 2252 407 2347 comperi,
426 2245 515 2344 quod
528 2249 561 2314 in
574 2250 664 2341 aquis
678 2243 846 2316 Borboniis
863 2271 982 2344 negarit
1002 2259 1139 2329 evenire.
1175 2259 1226 2327 Ac
1239 2257 1305 2329 heri
1318 2263 1422 2357 potest

34 2368 43 2393 ·
69 2346 191 2418 utfumi
209 2346 283 2418 esul
310 2345 415 2415 huieis
426 2338 628 2413 mineralibus
645 2335 758 2411 sublati
769 2340 954 2436 huncaquis
965 2347 1105 2419 calorem
1116 2355 1310 2450 impertiant.
1328 2360 1419 2429 Nam

68 2468 165 2547 prope
182 2373 425 2540 Aquiligtairum
435 2436 489 2527 ubi
503 2435 648 2533 plerique
662 2434 767 2505 fontes
777 2445 810 2506 δι
825 2441 911 2533 putei
932 2441 1024 2507 calidi
1041 2467 1236 2531 occurrunt,
1251 2474 1288 2518 eii
1303 2448 1421 2545 quibus

68 2563 148 2637 aqua
163 2544 371 2611 continenter
382 2533 506 2622 ebullit,
519 2527 694 2633 sulphuris,
706 2530 847 2616 vitiioli,
872 2531 1032 2634 &lapidis
1051 2534 1249 2612 calaminaris
1266 2545 1419 2641 complu-

70 2658 411 2717 resoceurruiitvenre.
481 2704 484 2709 r

119 2738 179 2805 lx.
210 2738 283 2828 Qa
300 2756 400 2828 porro
419 2736 541 2813 ratione
553 2729 766 2803 examinanda
789 2729 849 2805 sint
866 2756 959 2830 aquai
981 2736 1149 2808 mineiales
1163 2730 1258 2807 fufius
1270 2734 1417 2836 exposuit

66 2829 104 2901 D.
124 2830 169 2897 du
182 2827 277 2900 Clos.
311 2834 359 2902 Eo
400 2831 508 2900 uidem
529 2833 662 2899 nomine
683 2829 841 2899 donantur
862 2855 986 2926 qiraeex
1004 2833 1192 2905 admistione
1210 2835 1413 2907 miiieralium
1463 2851 1466 2854 ’

64 2921 214 3023 insignem
227 2852 510 3023 aliquamliabmt
522 2923 711 3024 qualitatem
724 2921 862 2996 hominis
885 2922 1007 2998 sanitati
1028 2927 1165 3008 utilem,
1187 2953 1241 2999 aut
1258 2935 1386 3000 noriam
1400 2986 1415 3021 ,

63 3040 196 3116 tamque
205 3045 245 3093 eir
255 3043 339 3093 tetta
351 3045 451 3118 quam
463 3021 641 3106 allueiunt‚
655 3024 754 3089 autin
769 3043 834 3116 qua
849 3023 966 3094 diutius
979 3024 1207 3121 restagnarunt,
1218 3048 1415 3100 contraxere.

63 3119 137 3209 Quae
151 3121 199 3189 im
226 3116 320 3190 tellio
330 3142 367 3188 ex
378 3113 461 3187 succi
474 3115 626 3208 alicujus,
639 3139 693 3185 aut
702 3139 879 3211 vaporum,
897 3140 931 3186 ut
941 3118 1075 3190 diximus
1086 3175 1096 3204 ,
1106 3120 1245 3196 millum,
1258 3143 1311 3191 aut
1324 3123 1415 3191 deni·

61 3235 119 3305 que
132 3240 171 3286 ex
184 3145 325 3314 simplici
343 3210 523 3299 insufione,
538 3217 616 3282 citra
628 3209 710 3281 illius
721 3216 864 3310 corporis
877 3209 1028 3284 senhbilis
1041 3216 1237 3285 additionem
1258 3219 1412 3290 dimanat.

59 3314 225 3408 vaporum
233 3311 383 3382 admistio
393 3331 459 3378 nori
469 3305 563 3380 facile
574 3303 791 3405 dignoscitur,
809 3332 885 3378 cum
898 3311 966 3380 cito
976 3309 1124 3380 exhalent
1138 3344 1147 3399 3
1159 3310 1279 3381 vitrioli
1301 3308 1413 3406 spiritu

57 3401 132 3477 loeta
141 3406 210 3478 hoc
220 3408 342 3478 indicio
354 3402 385 3476 se
396 3405 547 3504 produnt,
558 3425 632 3473 cum
646 3425 786 3473 recentes
798 3409 830 3473 iri
842 3401 920 3474 vass
933 3407 993 3475 ritl·
1004 3401 1135 3476 ocelufis
1148 3406 1237 3503 galla
1253 3404 1412 3478 inlusione

54 3499 198 3576 colorem
212 3526 251 3574 ex
266 3502 366 3574 rubro
378 3506 412 3572 in
421 3523 529 3570 atrum
540 3500 785 3597 degenerantem
796 3501 940 3570 induunt.

100 3601 197 3670 Succi
207 3622 264 3671 aut
274 3595 345 3685 salis
358 3597 516 3696 particulae
526 3602 559 3667 iii
571 3597 662 3691 aquis
671 3588 831 3679 exsoluta,
845 3616 916 3663 tum
927 3599 1189 3692 precipitatione,
1201 3621 1271 3691 quae
1284 3594 1412 3691 spiritus

59 3689 121 3765 silis
134 3699 353 3779 ammoniaci,
363 3688 444 3765 auts
461 3692 550 3766 iritrli
565 3696 661 3761 urinae
674 3683 830 3760 affuhoue
843 3685 1005 3787 perficitur
1016 3745 1025 3775 ,
1035 3692 1412 3784 tumaquaiumdistilla-

61 3792 206 3861 tioneaut
215 3789 415 3860 exhalatione
431 3718 623 3885 ssprodunt.
647 3780 814 3882 impressio
832 3782 994 3881 qualitatis
1012 3791 1090 3855 citra
1107 3781 1256 3856 sensibilis
1271 3796 1411 3862 materiai

56 3884 279 3956 admistionem
288 3910 326 3956 ex
338 3880 461 3956 effluis
471 3881 670 3982 potissimum
683 3876 853 3952 innotescit
864 3896 875 3966 3
886 3881 1044 3952 interdum
1054 3904 1163 3951 tamen
1176 3906 1212 3951 eii
1225 3883 1353 3981 sapore,
1374 3912 1410 3961 ut

52 4002 147 4076 aqua
159 4005 225 4077 quae
234 3981 349 4053 invase
363 4004 451 4050 aeneo
461 4000 516 4050 aui
530 3977 634 4048 serreo
648 3978 817 4076 stagnavit.
840 3978 1010 4048 Mineralia
1020 3982 1053 4047 in
1061 3998 1150 4048 terrie
1163 3983 1260 4050 antris
1270 3979 1410 4077 prosun-

51 4074 203 4146 tlioribus
215 4100 381 4155 contenta,
395 4097 449 4145 aut
463 4098 552 4146 teriae
566 4069 636 4142 sunt
649 4127 660 4159 ,
674 4096 729 4142 aut
739 4067 823 4141 succi
835 4129 846 4157 ,
860 4095 913 4143 arit
923 4068 1009 4158 sales,
1024 4095 1078 4143 aut
1093 4073 1228 4170 lapides,
1249 4099 1303 4144 aut
1320 4103 1410 4146 mar-

52 4169 169 4258 oifiiae,
183 4196 238 4244 aut
249 4172 386 4259 metalla,
400 4196 473 4240 cuni
501 4195 540 4239 ue
553 4168 670 4239 horum
688 4172 836 4237 omnium
851 4165 1043 4238 incredibilis
1055 4168 1200 4263 quaedam
1213 4166 1250 4240 fit
1262 4175 1408 4258 varietas,

50 4273 103 4338 vix
123 4266 245 4367 species
258 4292 363 4338 earum
380 4195 622 4366 impressionum
635 4261 766 4334 definire
785 4262 884 4348 licet,
911 4258 987 4330 edm
1002 4268 1177 4332 innumeris
1200 4289 1280 4361 petre
1302 4268 1407 4339 modis

51 4361 174 4442 misceri
190 4361 319 4466 poshnt.
348 4367 444 4459 Aqua
459 4386 528 4457 quae
540 4361 634 4432 iirslat
649 4362 830 4429 communis
842 4361 978 4427 materiae
993 4357 1141 4428 omnibus
1154 4365 1258 4431 iiriirtis
1275 4357 1407 4432 sulrller·

49 4464 133 4533 uitur
144 4460 261 4548 ,facile
279 4464 398 4556 excipit
414 4482 485 4529 tum
499 4456 749 4541 elementorum,
763 4478 832 4525 ium
842 4451 996 4523 soffilium
1008 4456 1158 4524 iinslutas
1170 4464 1201 4526 ἃ
1216 4457 1403 4552 qu.ilitates;

48 4559 265 4657 quorumdam
276 4553 452 4654 vaporibus
462 4549 615 4624 imbuitur
627 4609 636 4638 ,
648 4551 785 4622 aliorum
800 4547 910 4620 succos
921 4548 1021 4635 diluit,
1033 4558 1065 4621 ἃ
1077 4550 1243 4646 particulas
1258 4549 1340 4619 tirsol
1366 4556 1403 4638 it,

47 4663 188 4752 quoium
198 4650 365 4752 spiritales,
375 4673 412 4719 ut
423 4649 600 4744 loquuntur
615 4647 789 4745 Chyiuici,
810 4648 962 4716 eiusluras
983 4644 1110 4716 delibat.
1140 4651 1221 4739 Qut
1234 4648 1343 4711 nmrria
1364 4669 1404 4719 eie

45 4773 196 4822 accurato
204 4772 365 4850 aquarum
372 4748 519 4821 examino
531 4745 720 4839 conjecturis
731 4739 851 4844 assequi
860 4741 957 4831 licet,
975 4745 1025 4815 vix
1038 4735 1316 4839 perspedlaluberi
1326 4736 1401 4842 pos.

46 4847 126 4950 sani.
