3720 5430
249 345 602 424 'actorum
660 333 1001 425 trrsrottra
1048 349 1198 427 rtur.
1369 366 1407 425 n

99 446 218 542 'aitque
232 447 266 517 iu
280 447 346 517 hoc
361 440 431 544 ipso
444 441 545 542 posita
559 444 604 514 est
617 450 723 517 omnis
739 469 859 519 naturae
872 451 956 520 ratio
976 457 1011 522 dt
1025 447 1292 544 oeeonomia‚qud
1303 452 1405 522 vitam
1422 448 1524 517 Anu

41 544 238 625 namnum
254 541 533 628 foveturtuetur,
557 563 592 612 ut
614 563 718 639 partes
737 567 850 614 omnes
861 542 938 615 lieet
950 541 1110 618 diffimiies
1125 551 1207 616 inter
1226 543 1256 615 se
1278 543 1405 617 consen·
1423 544 1542 629 torm'eu¹

38 651 126 721 tiant
139 669 148 715 :
163 641 247 722 adeo
258 663 294 711 ut
307 639 398 735 quod
417 635 459 708 ab
472 660 535 708 una
551 639 772 737 coptumest,
787 639 828 709 ab
842 639 905 711 alia
923 636 1033 738 perfici
1048 664 1155 737 queat.
1187 642 1281 729 Cor,
1307 669 1339 714 v.
1358 665 1407 738 gr.

42 737 148 841 thyio
169 737 213 811 ab
231 736 303 809 aliis
318 737 446 832 organis
456 756 632 834 praeparato
656 731 798 807 formam
810 729 969 833 sanguinis
988 739 1167 834 imprimit;
1183 732 1308 836 sanguis
1328 742 1408 810 vero

97 842 156 909 'in
169 835 269 910 eorde
280 835 375 904 unius
390 828 536 901 animalis
557 839 569 924 (
586 830 744 928 quidquid
760 828 798 902 stt
810 831 852 903 de
863 831 1001 929 exempli
1013 835 1167 917 veritate,
1189 833 1201 918 )
1217 833 1409 921 confessus,
1459 903 1462 909 .

43 863 142 1008 Zmoeri
154 930 352 1016 nutriendo,
369 933 460 1016 cuius
471 927 603 999 &calor
616 920 679 999 &s
694 929 786 998 iritus
794 922 865 999 sunt
879 923 1043 1000 dissimiles
1053 930 1181 1018 ‚minus
1194 933 1255 1001 erit
1265 929 1411 1021 idoneus,

45 1031 142 1131 quod
157 1025 285 1102 diversa
301 1023 397 1123 piane
409 1019 447 1093 stt
456 1018 622 1118 utriusque
633 1020 662 1090 d'
679 1020 807 1120 postio.

48 1120 51 1125 ⁴
101 1133 203 1199 vlu.
227 1117 358 1221 Qodsi
371 1118 426 1190 illa
440 1143 504 1217 prae
527 1122 629 1191 aratio
645 1119 678 1188 in
701 1124 840 1219 partium
857 1120 1082 1194 insenfibiiium
1104 1122 1357 1224 configuratione
1378 1130 1413 1198 de

49 1246 227 1302 meatuum
238 1223 401 1318 aptatione
414 1145 554 1286 confidit
575 1237 643 1301 ‚ne
660 1212 750 1285 illam
762 1221 895 1314 quidem
917 1224 1159 1316 coaptationem
1184 1221 1414 1320 particularum

49 1332 90 1399 ει
117 1339 272 1416 potorum
283 1312 420 1385 eandem
443 1316 478 1381 in
496 1309 620 1381 duobus
645 1312 862 1386 animantibus
879 1319 1011 1415 reperiri
1027 1316 1105 1389 hinc
1129 1316 1205 1388 licet
1227 1321 1413 1406 conjicere,

51 1415 155 1518 quod
176 1408 297 1508 sanguis
319 1413 411 1480 unius
428 1403 552 1508 semper
573 1404 759 1506 coagulatus
779 1415 980 1509 apparuerit:
1001 1437 1124 1507 magno
1147 1414 1279 1509 quidem
1291 1412 1415 1483 indicio

55 1500 335 1604 mteriamipsam
347 1530 423 1576 cum
440 1509 573 1603 partein
587 1527 652 1600 qua
666 1511 844 1604 excipitur,
856 1532 923 1578 non
935 1511 1124 1596 convenire,
1138 1531 1243 1604 neque
1254 1506 1340 1578 hunc
1353 1504 1416 1577 eise

56 1611 227 1713 proprium
240 1602 327 1674 illius
343 1603 465 1688 locum,
483 1625 558 1672 cum
568 1599 692 1697 sanguis
703 1598 743 1671 fit
754 1599 923 1695 eiusmodi,
935 1624 973 1674 ut
980 1625 1068 1677 extra
1080 1599 1171 1679 suum
1184 1603 1295 1677 locum
1306 1604 1416 1678 statim

56 1697 333 1787 concrescat,aut
344 1703 485 1770 nativam
498 1701 626 1769 amittat
680 1701 778 1770 rtium
791 1718 962 1776 texturam.

98 1799 207 1897 Qud
220 1819 329 1869 autem
341 1794 501 1867 interdum
520 1795 614 1864 eueni
639 1817 657 1860 e
671 1795 761 1862 aiunt
770 1835 785 1880 ,·
802 1815 838 1864 ut
851 1795 972 1866 animal
988 1822 1026 1866 ex
1046 1822 1116 1894 quo
1129 1795 1256 1898 sanguis
1276 1803 1414 1870 arteriu-

54 1895 102 1973 sct
114 1903 154 1970 in
167 1917 286 1966 venam
298 1891 428 1966 alterius
435 1883 611 1962 transfusus
624 1889 669 1958 est
683 1944 694 1975 ,
707 1893 794 1959 ettin
839 1911 945 1960 eretur
958 1948 970 1979 ,
984 1914 1059 1962 cum
1079 1890 1143 1963 hoc
1157 1891 1268 1964 sanum
1280 1888 1355 1964 esset
1374 1913 1415 1964 ac

54 1987 435 2086 vegetum,hocutique
448 1991 541 2057 unius
553 1981 730 2070 debilitati,
742 1992 802 2056 &a
816 1989 914 2056 terius
931 1985 1042 2058 robori
1057 1985 1263 2060 tribuendum
1281 1989 1324 2059 est
1341 2024 1351 2080 3
1376 2010 1417 2060 ac

52 2075 165 2166 neicio
178 2111 220 2157 an
234 2083 298 2157 ulla
310 2089 434 2158 ratione
442 2083 531 2154 certi
538 2079 680 2151 constare
692 2084 834 2180 potuerit
846 2104 1004 2181 quantum
1012 2079 1179 2185 'sanguinis
1193 2108 1231 2157 ex
1240 2108 1308 2157 uno
1319 2089 1354 2158 in
1365 2085 1419 2160 al·

56 2210 165 2263 tetum
187 2204 391 2254 commeant.

109 2291 125 2354 l
138 2285 187 2354 X.
212 2285 335 2349 Verum
356 2283 393 2348 in
411 2278 452 2347 iis
469 2277 631 2374 longiores
650 2271 756 2347 sumus
768 2273 871 2373 qudtn
886 2273 1010 2348 neccsse
1025 2278 1070 2348 est
1092 2336 1104 2367 ,
1129 2305 1205 2352 cum
1227 2280 1304 2352 illud
1327 2304 1424 2353 com*

61 2401 211 2454 mentum
228 2380 291 2445 'am
302 2378 386 2447 inter
405 2375 540 2472 ineptias
551 2377 741 2461 evanuerit,
763 2395 870 2468 neque
885 2393 977 2442 exeo
989 2380 1170 2469 quicquam
1195 2379 1234 2448 ad
1259 2382 1333 2448 vitae
1358 2372 1424 2446 hu-

60 2499 166 2549 manae
187 2402 280 2542 usim
293 2477 362 2542 erui
380 2464 485 2570 possit.
518 2473 557 2540 Et
572 2467 704 2565 quidem
718 2471 853 2539 memini
876 2462 956 2536 cdm
971 2490 1058 2537 anno
1080 2485 1173 2544 1669.
1192 2474 1332 2542 Londini
1357 2468 1426 2542 und

62 2569 200 2644 essemus
219 2591 285 2665 ego
308 2575 342 2640 dc
361 2570 407 2641 D.
428 2563 590 2652 Biondel,
615 2561 703 2636 forte
721 2565 861 2633 occurrit
879 2558 973 2633 nobis
992 2569 1042 2634 vir
1060 2561 1192 2638 robusto
1211 2573 1245 2638 dc
1268 2565 1425 2638 athletico

61 2689 236 2759 corpote,
257 2668 290 2733 in
306 2688 371 2760 quo
382 2686 504 2738 tentata
514 2658 619 2732 fuerat
636 2652 689 2731 san
713 2662 798 2729 uinis
809 2654 998 2747 transfuso,
1011 2657 1033 2730 sr
1048 2658 1134 2732 fottd
1148 2671 1214 2758 ejus
1236 2663 1367 2734 remedii
1391 2664 1426 2732 vi
1486 2665 1491 2675 '

62 2763 104 2833 ad
119 2758 281 2832 saniorem
294 2784 438 2834 mortem
451 2760 590 2845 rediret,
617 2686 725 2850 (unde
736 2764 768 2826 δι
788 2749 820 2825 se
836 2776 1010 2852 martyrem
1026 2758 1139 2855 Regiae
1150 2762 1317 2829 Societatis
1331 2760 1427 2845 jasti-

60 2854 205 2945 κεδας)
230 2850 283 2927 sed
301 2863 523 2955 nequicquam
548 2855 579 2923 id
603 2875 763 2923 tentatum
782 2851 828 2924 est
844 2885 855 2941 3
873 2874 978 2945 neque
1003 2857 1091 2924 enim
1113 2852 1220 2925 mimis
1250 2851 1425 2925 insaniebat

65 2950 166 3048 quarn
181 2973 298 3041 antea,
310 2961 345 3025 dc
358 2958 471 3024 omnia
484 2947 633 3020 omnibus
647 2945 840 3019 minabatur.
860 2947 1087 3043 Qamobrem
1100 2948 1236 3021 Serranis
1247 2950 1426 3024 Parisrenfit

64 3051 237 3119 autoritate
279 3046 495 3120 mdentissrmd
511 3067 640 3116 cautum
652 3043 741 3133 sirit,
766 3068 807 3115 ne
828 3043 894 3114 hoc
918 3044 1051 3116 remedii
1074 3067 1192 3143 genere
1214 3044 1365 3119 inusitato
1389 3055 1424 3121 δι

67 3142 161 3245 plane
176 3147 232 3214 inu
249 3147 257 3160 ‘
275 3147 281 3160 '
302 3139 474 3243 quisquam
494 3144 645 3239 deinceps
661 3161 815 3218 uteretur,

488 3443 817 3567 catur
933 3448 1042 3536 tv.

350 3634 409 3704 De
442 3628 556 3734 Aquis
580 3618 811 3705 mittentibus
838 3625 878 3704 in
897 3625 1030 3703 univer
1048 3639 1125 3709 tran

77 3810 318 3993 LEXpiosa
330 3819 441 3914 itaque
452 3812 612 3917 sanguinis
627 3811 837 3888 transfusione
857 3840 893 3891 ut
908 3817 1013 3891 inutiii
1034 3827 1068 3893 δι
1091 3819 1216 3899 noxia,
1235 3819 1274 3890 ad
1295 3842 1333 3891 ea
1359 3841 1431 3917 quat
1447 3839 1554 3930 Aqua

194 3914 266 3985 snut
291 3918 393 4008 magis
408 3938 447 3983 et
463 3909 520 3983 usu
541 3919 613 3984 vitae
634 3912 781 3983 humane.
804 3912 835 3985 se
849 3921 1010 3989 convertit
1029 3916 1214 3989 Academia.
1249 3918 1364 4014 Hujus*
1372 3942 1427 4014 ge.
1448 3937 1557 4008 mm
1592 3916 1601 3928 ⁸

74 4008 239 4085 rrcrissurn
247 4012 351 4103 nquae
364 4009 531 4082 mineraies
544 4066 555 4096 ,
569 4032 705 4104 quarum
719 4013 801 4080 vires
811 4017 1007 4108 experientia
1020 4016 1122 4111 magis
1139 4019 1171 4081 δι
1183 4009 1240 4084 effi
1248 4016 1320 4102 etis,
1331 4016 1433 4103 quatu

75 4104 256 4179 rationibus
272 4100 345 4174 sunt
368 4104 550 4202 explorata.
581 4109 691 4200 Qtare
706 4104 738 4175 id
761 4113 1027 4204 operaepretium
1053 4104 1251 4179 stefadturos
1273 4109 1433 4181 existima-

77 4224 151 4275 tunt
170 4206 231 4299 qui
255 4196 445 4298 inphysicis
468 4212 500 4273 δι
516 4201 685 4300 Chymicis
706 4200 843 4271 studium
865 4199 957 4274 suum
979 4214 1013 4277 &
1033 4227 1164 4301 operam
1189 4205 1351 4302 ponebant
1376 4263 1386 4292 ,
1412 4200 1436 4272 ii

78 4299 181 4394 Aque
199 4296 367 4368 mineraies
381 4320 454 4395 quae
468 4295 581 4396 passim
597 4301 629 4366 in
643 4295 748 4368 Gallia
769 4322 962 4387 occurrunt,
988 4301 1179 4372 accuratiori
1198 4305 1337 4372 examini
1360 4295 1437 4373 sub·

79 4397 260 4488 jioerentur.
1368 4397 1373 4406 '

127 4497 182 4565 ΙΙ.
218 4491 270 4561 Ac
284 4493 426 4589 primum
439 4492 570 4589 quidem
588 4516 662 4562 eum
674 4488 824 4563 Thermae
844 4486 896 4561 seu
915 4488 1021 4562 fontes
1034 4492 1127 4564 calidi
1145 4496 1178 4564 in
1191 4492 1437 4565 Botbuuiotra-

79 4589 177 4661 diu&
190 4587 260 4658 aliis
281 4593 316 4658 in
341 4585 419 4657 locis
440 4591 533 4658 vaide
558 4587 778 4671 celebrentur,
800 4612 838 4657 ac
862 4587 972 4658 multis
994 4590 1180 4660 medeantur
1200 4588 1343 4672 mortis,
1369 4590 1436 4683 pri·

83 4679 173 4759 mdm
184 4680 355 4782 quaesrtum
369 4681 434 4754 fuit
451 4708 521 4781 quae
536 4683 612 4756 esset
627 4676 720 4753 causa
735 4683 850 4755 caloris
871 4707 938 4780 quo
952 4710 1042 4782 aqua·
1056 4684 1115 4755 iiiae
1132 4684 1269 4755 servent.
1288 4680 1441 4774 thabat

85 4779 188 4855 1).du
210 4779 320 4870 Clos,
336 4802 376 4853 ac
398 4787 518 4856 merito
533 4833 545 4869 ,
562 4801 598 4852 ut
611 4776 705 4852 nobis
730 4779 876 4872 vident,
899 4780 1040 4856 calorem
1054 4781 1146 4853 ilium
1162 4779 1202 4849 ab
1201 4785 1299 4948 cigna¹
1318 4761 1444 4861 subtcrq

1267 4899 1300 4973 ¹¹1
