3646 5430
432 363 549 438 Aen
565 365 760 458 DEMlAE
793 362 1106 442 Hts'routm
1138 364 1216 442 ltu.
1244 370 1291 442 V.
1474 371 1544 461 ‘499

169 481 313 552 tumque
329 456 532 534 observatum
549 462 590 533 ab
613 488 659 535 eo
674 461 737 535 fuit
760 463 837 536 duos
853 460 1016 562 pelliculas
1036 456 1133 536 fimul
1149 462 1308 536 rehaerere
1332 461 1366 534 in
1385 458 1456 558 iprd
1477 470 1541 535 cir.
1556 461 1661 525 Bora

172 553 390 629 cumferenrie
404 558 586 646 lenticulae,
602 563 685 632 inter
705 582 877 657 utramque
899 555 1084 657 pelliculam
1105 582 1236 631 erucam
1260 556 1410 644 includi,
1432 559 1542 635 colore
1557 558 1649 631 nica..

170 649 348 731 subviridi,
363 676 426 724 tres
438 652 536 724 linear
552 656 710 749 longam,
725 663 761 727 δι
778 679 860 751 pene
878 651 942 726 und
963 651 1048 728 linel
1060 650 1204 728 crassam.
1235 656 1367 750 Corpus
1387 659 1469 725 inter
1482 679 1537 724 ea-

172 771 235 844 put
249 756 284 821 dc
300 748 433 818 caudam
450 776 484 820 rr
501 748 640 821 annullis
658 751 842 821 distinctum
858 770 927 822 erat
941 774 1024 846 quor
1035 772 1182 822 accurate
1193 745 1341 822 describit
1355 751 1401 824 D.
1417 749 1541 824 Matal-

171 843 233 929 di,
248 847 294 913 uti
308 851 341 914 dr
356 837 604 942 fossulasfigurre
618 845 764 943 ellipticg
815 873 836 937 ς
852 851 886 917 in
904 868 997 941 tergo
1010 841 1216 944 microscopii
1235 869 1297 942 ope
1321 846 1513 941 deteguntur
1528 878 1545 935 ς

171 935 267 1008 simul
275 939 357 1038 duos
372 938 483 1007 oculos
496 942 669 1104 oblonpoo,
687 943 781 1010 maxi!
795 966 830 1012 as
843 938 1040 1043 prominulta
1055 940 1176 1040 ;peder
1189 971 1227 1036 4,
1237 963 1276 1010 ex
1288 960 1428 1038 utroque
1438 936 1539 1012 latere

170 1031 555 1224 caplllddsdepdnslffasddl
569 1032 824 1224 lllsffilllss
836 1130 928 1203 modi
944 1127 1112 1205 lenticulas
1133 1126 1191 1203 sub
1206 1125 1380 1230 sycomoro
1401 1131 1537 1224 vidisset,

172 1244 286 1295 utrum
304 1227 338 1295 in
360 1225 430 1320 ipsd
449 1222 663 1298 formarentur
680 1222 796 1298 arbore
813 1225 978 1326 explorare
1000 1225 1115 1301 voluit.
1147 1226 1236 1297 lolia
1255 1228 1386 1322 quidem
1414 1231 1543 1304 invenit

171 1323 221 1389 int
278 1344 297 1390 a
343 1342 461 1390 uorum
479 1325 590 1417 apices
603 1344 710 1391 erucae·
730 1321 821 1416 jullae
834 1322 1063 1418 magnitudinis
1087 1320 1339 1419 perforaverunt.
1371 1329 1451 1423 Qu
1480 1325 1540 1400 illre

172 1439 209 1484 m
255 1441 277 1484 o
297 1412 329 1484 su
354 1417 474 1500 ierint,
499 1440 565 1485 non
603 1420 687 1488 otuir
707 1416 940 1516 deprehendere
962 1441 1093 1491 retucae
1112 1412 1230 1488 solium
1250 1420 1285 1487 iu
1301 1420 1377 1491 duas
1400 1419 1537 1519 ptllieu-
1557 1468 1561 1474 -

171 1508 219 1580 las
234 1512 382 1581 dividunt
401 1570 410 1592 ,
427 1517 461 1580 dc
478 1443 637 1597 medulla,
654 1507 961 1615 feuprtrencl'timate
975 1509 1049 1583 solii
1060 1514 1230 1584 interdum
1249 1511 1413 1611 pelliculas
1433 1519 1535 1589 inter.

173 1611 258 1700 cepti
277 1603 447 1675 vescuntur
465 1629 474 1680 3
489 1629 587 1700 atque
607 1605 651 1676 ibi
663 1603 859 1683 delitescunt.
904 1612 1056 1706 Superior
1065 1605 1140 1677 folii
1159 1607 1310 1704 pellicula
1327 1615 1455 1682 tenuior
1476 1614 1536 1704 eil,

174 1707 211 1770 dt
231 1702 361 1769 uiridior
378 1722 438 1784 ,ut
450 1699 584 1771 inferior
606 1702 649 1770 est
664 1698 791 1773 crasllor
807 1758 818 1790 ,
836 1706 889 1775 cui
909 1700 998 1774 fibrae
1011 1700 1083 1775 solii
1097 1700 1311 1776 ‘adhaerescunt
1330 1759 1341 1791 ,
1370 1731 1438 1779 non
1459 1732 1541 1780 exer

175 1792 237 1864 sae:
249 1794 290 1863 fic
309 1820 401 1864 eruca
424 1820 479 1893 per
503 1821 512 1880 5
531 1853 541 1881 ,
557 1819 614 1866 aut
628 1799 726 1867 odiet
740 1795 813 1868 solii
828 1797 972 1870 ,medulla
985 1804 1124 1869 nutritur
1137 1794 1238 1871 illaeis
1250 1799 1425 1897 pelliculis«

224 1885 379 1960 Absoluta
394 1891 531 1989 periodo
561 1888 617 1961 sud
643 1896 727 1963 intra
753 1891 917 1989 pelliculas
940 1887 1072 1992 seipsam
1096 1894 1208 1966 condit
1228 1917 1324 1967 eruca
1346 1894 1412 1966 ltoc
1430 1893 1542 1973 serm&

172 1987 304 2061 modo:
320 1988 413 2082 pedes
428 1990 484 2079 qul
501 1992 586 2082 prius
604 1982 691 2057 fibris
710 1987 784 2059 folii
803 1986 1004 2075 infislebrnt,
1025 1993 1121 2062 vertit
1143 1993 1177 2062 in
1201 1989 1300 2060 aliam
1349 1990 1540 2084 ellieulam,

171 2088 265 2178 cuius
277 2078 450 2179 particulas
465 2081 601 2154 maxillis
611 2077 670 2151 fitis
684 2080 847 2156 horizonti
860 2081 1019 2182 parallefis
1037 2081 1120 2156 secat
1147 2109 1202 2183 per
1223 2017 1360 2182 spatiola
1377 2092 1411 2158 in
1431 2083 1539 2186 pluret

170 2176 285 2246 circuli
300 2182 463 2273 portiones
479 2212 495 2266 3,
505 2178 639 2248 caudam
652 2182 734 2276 parti
748 2174 838 2249 seete
851 2177 1013 2276 applicat,
1029 2202 1099 2252 rum
1118 2203 1263 2280 caputeo
1277 2205 1466 2254 emuerrens
1478 2183 1540 2266 ubi

170 2294 241 2341 erat
256 2271 354 2342 cauda
373 2328 384 2359 ,
409 2295 531 2366 partem
547 2270 629 2343 secat
644 2269 784 2359 eiusdem
797 2273 951 2370 pelliculoe
965 2277 998 2342 in
1024 2272 1185 2371 segmenrd
1207 2276 1317 2345 circuli
1334 2302 1350 2351 :-
1365 2277 1455 2372 quod
1478 2306 1536 2374 pet

169 2365 252 2439 duas
270 2390 325 2438 aut
341 2371 464 2438 circiter
480 2365 738 2452 horasconficir,
758 2370 861 2439 donec
881 2367 1031 2465 pellicula
1051 2375 1085 2439 in
1109 2368 1221 2440 orbem
1241 2365 1329 2444 sectr
1346 2370 1463 2456 fuerit,
1492 2373 1539 2447 iic⁴

169 2482 280 2534 tamen
295 2489 328 2535 ut
342 2463 429 2534 folio
437 2458 627 2532 adhaerescat
641 2486 695 2560 per
708 2459 853 2534 filamiua
868 2467 902 2532 in
916 2458 1064 2558 spatiolis·
1075 2467 1247 2552 interjedis
1259 2462 1419 2563 disposita.
1444 2472 1540 2545 Tum

170 2581 268 2629 eruca
280 2585 318 2631 ex
337 2559 401 2629 hoc
421 2558 544 2627 circulo
562 2561 743 2656 egreditur,
760 2568 794 2632 ἃ
808 2583 863 2656 per
876 2558 952 2630 durs
964 2557 1032 2631 ferd
1048 2557 1144 2637 horas
1158 2581 1266 2638 maner
1278 2563 1427 2658 immota,
1444 2565 1536 2660 pelli·

170 2654 247 2725 cula
263 2661 295 2727 in
308 2653 420 2728 orbem
435 2651 520 2728 sedi&
532 2660 651 2742 utitur,
666 2674 701 2722 ut
718 2679 756 2724 er
769 2655 808 2725 ed
826 2678 948 2750 partem
965 2652 1011 2726 sui
1028 2654 1186 2725 domicilii
1198 2654 1362 2725 dimidiam
1375 2654 1539 2746 fabricem¹

168 2752 255 2821 inter
273 2752 350 2824 duas
368 2749 529 2846 pelliculas
543 2748 679 2821 alteram
693 2745 739 2819 sui
753 2748 909 2819 domicilii
924 2775 1047 2847 partem
1065 2746 1198 2824 aedificat
1211 2807 1221 2835 ,
1234 2750 1331 2844 idque
1393 2752 1535 2824 trenuis·

168 2841 250 2915 sima
267 2846 355 2918 serici
369 2846 422 2921 fila
442 2845 580 2945 perficit..
603 2851 683 2917 Haec
698 2841 842 2942 ptimdm
865 2844 1129 2917 circumferentiae
1147 2850 1241 2942 primi
1264 2775 1539 2945 circuffalligar,

156 2948 208 3013 -ὀι
227 2939 473 3037 filamentisque
493 2967 548 3040 pet
567 2941 742 3038 spatiorum
761 2939 928 3012 intervalla
941 2939 1071 3037 reliquit
1088 2976 1098 3029 3
1117 2965 1155 3010 ex
1172 2946 1209 3012 iis
1222 2940 1381 3036 perstrata
1395 2943 1464 3014 aliis
1481 2942 1532 3013 su.

168 3036 332 3134 perpolita
352 3039 532 3138 pelliculam
552 3041 629 3108 texit
642 3036 713 3107 folii
726 3033 881 3135 pellicula
900 3032 1124 3123 commitem,
1145 3032 1195 3108 sed
1215 3040 1315 3133 magis
1330 3036 1540 3132 pellucidam,

170 3137 238 3205 Hae
249 3135 316 3204 duae
333 3135 487 3232 pelliculae
507 3135 574 3204 undr-
589 3135 852 3224 conjuneraeeam
866 3128 1011 3203 formant
1022 3131 1208 3203 lenticulam
1221 3188 1231 3217 ,
1245 3132 1284 3200 de
1303 3131 1367 3228 qul
1382 3133 1535 3204 dirrimusr

170 3231 356 3300 Domitilio
371 3229 518 3303 absoluto
534 3227 772 3325 disrumpuntur
792 3222 955 3299 filamenta
1007 3226 1097 3297 uibus
1124 3225 1266 3327 superior
1293 3228 1473 3324 pellicula,
1496 3240 1531 3299 δε

168 3321 321 3395 lenticula
334 3325 419 3397 folio
436 3332 563 3422 integro
581 3345 672 3394 etant
686 3322 825 3420 illigatae',
841 3252 1142 3418 tumquelenucula
1156 3327 1189 3394 itt
1204 3346 1322 3394 tetram
1334 3324 1464 3410 decidit,
1477 3325 1537 3395 ubi
1607 3373 1616 3392 .

167 3422 307 3491 inveniri
323 3418 412 3586 ἔαξε,
427 3443 528 3517 atquc
543 3418 610 3488 haec
625 3415 789 3489 lilamenta
800 3413 913 3487 sensim
923 3439 1075 3514 promota
1086 3415 1273 3490 lenticulam
1286 3417 1433 3489 nonnihil
1452 3421 1530 3499 dert-
1610 3488 1613 3493 ,

166 3534 273 3588 taram
287 3541 321 3586 ex
333 3533 355 3585 ἰ
381 3540 446 3589 ent.

226 3618 326 3683 Anno
338 3610 495 3710 superiori
508 3608 612 3708 plures
625 3605 805 3698 hujusmodi
831 3603 1000 3679 lenticulas
1028 3607 1081 3680 u..
1104 3604 1245 3677 Maraldr
1269 3605 1338 3677 vali
1353 3602 1534 3703 imposuit„

167 3712 260 3804 quod
276 3729 358 3779 terra
374 3706 584 3804 impleverat,
600 3703 742 3777 adhibita
766 3705 914 3775 cautione
935 3728 977 3775 ne
998 3703 1115 3774 humor
1134 3700 1259 3776 deesset.
1295 3701 1407 3773 Mense
1434 3706 1537 3776 Maio

167 3803 263 3897 hujus
275 3808 352 3873 anni
365 3809 400 3874 in
411 3797 533 3873 muscas
550 3799 621 3874 ffint
639 3799 871 3872 transformatae
887 3825 978 3899 ,qup
994 3801 1060 3870 duo
1077 3803 1113 3869 in
1132 3803 1235 3894 capite
1248 3797 1389 3894 oblonga
1409 3824 1534 3872 cornua

167 3912 205 3979 δε
219 3899 374 3998 produdta
396 3921 509 3997 gerunt
528 3931 538 3986 3
558 3920 673 3996 corpus
699 3900 736 3966 in
756 3897 832 3969 duas
858 3920 962 3995 partes
984 3895 1135 3968 dividitur
1155 3947 1167 3978 ,
1187 3917 1259 3990 qua
1273 3897 1440 3984 interiedlu
1458 3895 1529 3968 fila-

167 3997 377 4074 menrivinter
402 3993 434 4065 se
469 3995 648 4066 eoltaerenr..
678 3997 742 4063 Har
764 3988 1039 4089 muscoquatuor
1065 3990 1155 4076 alis,
1179 3997 1213 4061 de
1235 3987 1286 4063 sex
1304 3989 1437 4088 pedibus
1458 3988 1533 4063 sunt

168 4095 327 4171 instructa
346 4089 424 4163 :has
442 4114 554 4161 omnes
566 4089 757 4160 mutationes
767 4087 1145 4160 DrMaraldidelineatas
1158 4087 1305 4160 tradidit..

222 4195 290 4263 lv.
330 4191 373 4255 D.
390 4192 524 4285 Tauvry
537 4193 592 4283 qui
608 4188 658 4255 die
674 4185 867 4283 ro'nugusti
878 4190 912 4254 in
931 4179 1140 4255 Academiam
1153 4177 1476 4256 aliillustriffimoD.
1489 4187 1529 4255 d'e
1719 4260 1724 4271 x

169 4284 416 4364 Pontchartrain
432 4278 544 4352 ascitus
559 4280 683 4367 literar,
699 4277 853 4377 scriptum
866 4280 944 4377 legit
965 4280 1004 4350 de
1021 4274 1125 4352 trinis
1138 4286 1173 4352 δι
1191 4285 1337 4377 gummi,
1354 4288 1443 4372 cujus
1464 4279 1535 4350 hoc·
1670 4321 1673 4326 ·

167 4384 213 4454 est
228 4378 453 4452 summarium
485 4372 692 4448 Restnaesunt·
702 4374 785 4447 succi
795 4428 808 4463 ,-
824 4401 884 4448 aut
894 4376 1043 4475 lacryma.
1057 4374 1237 4471 plantarum
1252 4430 1263 4461 ,
1277 4398 1347 4469 qttae
1365 4376 1533 4443 menstruo

167 4480 280 4572 pingui
300 4484 335 4547 &
350 4465 468 4542 oleoso
476 4464 683 4542 dillolvuntut
700 4496 796 4562 ;cum
811 4475 979 4566 aquinon
987 4466 1291 4554 faeildmiseentur,
1304 4477 1337 4539 dc
1360 4465 1534 4539 flammam

169 4576 357 4667 concipiunt
372 4598 381 4641 :
397 4591 513 4637 contra
521 4569 646 4663 gummi
659 4570 791 4636 nornine
808 4566 918 4639 succus
937 4565 1128 4661 intelligitur
1148 4563 1332 4661 coagulatus
1354 4620 1364 4648 ,
1387 4571 1422 4634 δι
1451 4562 1525 4645 soli·

167 4667 270 4736 dionis
283 4666 477 4754 substantie,
501 4667 560 4758 qui
579 4666 707 4760 inaqua
721 4658 963 4762 fimplicisacile
974 4658 1163 4749 diffoltitur¹
1173 4683 1278 4756 neque
1287 4663 1320 4728 in
1334 4662 1407 4756 igne
1416 4660 1533 4731 erilem
1642 4688 1645 4693 ·

166 4759 328 4837 facilitate
340 4760 573 4836 inflammatur.
1232 4851 1265 4924 R
1344 4852 1350 4867 ·

1275 4873 1314 4920 rr
1340 4875 1363 4946 ¹1
