3646 5430
428 339 753 415 ACADEMIAE
789 333 1093 416 HISTORIA.
1131 339 1287 416 [mlv.
1478 368 1529 435 373

220 441 294 510 lv.
325 441 448 509 Verum
478 435 552 511 satis
573 440 672 511 multa
689 438 728 507 de
743 435 882 534 analyii,
903 461 990 507 nunc
1013 462 1174 537 perpauca
1196 440 1236 508 de
1259 433 1448 535 quibusdam
1463 438 1531 510 aliis
1553 429 1665 507 Pltnf.

167 556 243 630 quae
270 533 339 604 usui
360 531 420 605 elle
442 532 592 634 possunt,
619 533 796 629 subjiciam.
825 533 909 604 Illud
928 537 1087 630 imprimis
1108 590 1118 621 ,
1142 535 1230 631 quod
1258 533 1364 606 mense
1389 534 1525 606 februa·
1541 527 1666 625 malrfi
1695 588 1699 596 .

168 637 221 701 tio
247 631 270 701 a
291 636 337 703 D.
357 631 396 700 de
416 631 446 701 la
462 636 544 704 Hire
557 628 837 702 fuitobservatum
850 628 1024 723 inqduabus
1042 630 1138 701 malis
1160 634 1262 700 aureis
1282 686 1293 718 ,
1321 656 1458 728 quarum
1480 632 1530 702 so·

167 726 212 797 lia
231 732 396 798 acerrimo
414 727 541 826 hyemis
559 726 599 798 fri
624 751 679 796 ore
703 721 995 821 obriguerant‚sed
1007 731 1190 798 remittente
1203 725 1325 823 frigore
1344 730 1458 800 eadem
1476 729 1531 801 so·

166 819 212 892 lia
226 819 383 910 demissa,
406 832 440 905 δι
462 846 543 920 pene
563 753 717 893 calceata
736 819 766 892 se
778 823 808 891 se
820 821 973 908 erexdre,
993 821 1126 920 pristino
1142 826 1248 892 virore
1273 823 1429 899 restituto.
1458 831 1532 900 Ra·

166 921 297 989 tionem
310 918 396 990 hanc
407 918 514 990 attulit
535 948 544 995 ε
566 920 712 1016 stirpium
726 914 807 988 solia
820 941 884 1015 prae
896 916 1033 1007 ltumote
1044 924 1183 991 extrario
1204 925 1238 990 δε
1257 918 1463 1018 conglaciato
1480 927 1531 992 vi·

166 1014 239 1085 deri
252 1011 340 1112 quast
357 1012 512 1099 fiderata,
526 1017 614 1114 quod
627 1039 741 1085 eorum
755 1011 841 1084 fibrae
853 1012 1089 1111 disrumpantur
1104 1048 1114 1104 3
1137 1040 1212 1085 cum
1229 1036 1338 1086 autem
1360 1040 1401 1087 eo
1425 1021 1458 1087 in
1481 1016 1532 1087 lo·

167 1133 213 1179 co
232 1109 315 1182 bene
332 1111 439 1183 clauso
455 1111 560 1184 nullus
580 1110 655 1183 esset
672 1135 754 1211 pene
769 1109 888 1180 humor
906 1113 1082 1201 extrarius,
1107 1108 1236 1183 arbores
1260 1108 1333 1210 ipsae
1349 1136 1425 1186 cum
1440 1112 1531 1187 foliis

167 1205 352 1279 incolumes
361 1209 524 1280 steterunt.

223 1312 269 1377 V.
312 1301 427 1376 Mense
456 1303 642 1378 Novembri
670 1309 717 1377 D.
748 1301 875 1375 Cheras
898 1301 997 1375 filiam
1024 1297 1112 1374 suam
1141 1307 1247 1376 Simiae
1272 1310 1389 1395 acriori
1423 1303 1533 1378 morsu

168 1398 373 1472 vulneratam
388 1395 580 1500 petroselino
594 1398 647 1472 seu
665 1403 753 1498 Apio
767 1396 906 1471 hottenfi
926 1398 1087 1487 contuso,
1110 1408 1144 1474 dt
1167 1401 1290 1473 vulneri
1314 1405 1449 1475 admoto
1473 1405 1551 1474 star

169 1500 234 1568 nm
250 1519 394 1567 curatam
413 1492 504 1568 fuisse
519 1499 645 1570 testatus
657 1497 713 1569 est.
754 1497 842 1566 Cum
855 1520 963 1568 autem
982 1497 1021 1567 de
1043 1495 1213 1568 vulnerum
1236 1503 1402 1569 curatione
1429 1496 1535 1570 sermo

168 1591 363 1680 incidiuet,
388 1599 433 1667 D.
459 1594 558 1692 Mery
584 1593 614 1665 se
640 1593 749 1665 multis
771 1597 996 1689 experimentis
1026 1592 1181 1664 edoctum
1201 1591 1263 1664 esse
1288 1600 1368 1681 ait,
1403 1593 1537 1666 vulnera
1594 1606 1598 1609 “

171 1686 332 1787 pleraque
348 1687 476 1773 sanari,
502 1714 577 1759 cum
627 1713 746 1760 uatuor
767 1692 865 1781 aquae'
881 1687 1024 1785 partibus
1046 1690 1110 1758 und
1133 1715 1224 1786 aquae
1249 1692 1387 1761 ardentis
1413 1689 1432 1760 e*
1457 1695 1537 1762 vino

169 1783 290 1854 elicitae
310 1781 543 1873 admiscentur,
563 1715 780 1870 aclinteum‚
803 1804 839 1852 ut
862 1788 960 1854 moris
982 1784 1052 1872 est,
1082 1779 1135 1855 seu
1158 1784 1344 1883 penicillum
1370 1785 1430 1857 hac
1452 1813 1538 1884 aqua

169 1877 337 1951 imbutum
353 1879 477 1951 vulneri
488 1886 659 1980 apponitur
676 1877 802 1978 singulis
815 1877 925 1950 diebus
943 1877 992 1948 bis
1010 1903 1215 1955 renovatum.
1236 1880 1362 1953 Vulnus
1378 1886 1410 1953 in
1428 1888 1539 1962 etauio

171 1984 249 2047 dim
265 1976 470 2049 distillatione
486 1975 630 2048 humoris
654 1980 689 2048 in
710 1975 822 2047 oculos
836 1972 964 2063 deflui,
990 1979 1075 2048 intra
1091 1976 1299 2075 quatriduum
1324 2000 1361 2049 ea
1382 1977 1548 2050 methodo

172 2094 311 2149 curavit.
694 2099 707 2107 ·’

185 2208 191 2222 -
224 2173 272 2242 D.
298 2169 475 2269 Homberg
494 2175 576 2245 inter
598 2169 659 2242 alia
686 2171 761 2241 artis
785 2165 963 2242 infeuoriae
985 2193 1100 2243 arcana
1122 2169 1202 2242 illud
1228 2171 1396 2270 proposuit
1418 2171 1458 2243 de
1478 2198 1539 2244 co.

171 2265 245 2340 lore
258 2264 318 2337 illo
338 2265 457 2338 florido
482 2277 515 2340 δε
541 2273 695 2338 coccineo
720 2321 731 2352 ,
754 2287 853 2359 quent
883 2271 1063 2336 carminum
1089 2289 1207 2338 vocant
1230 2266 1420 2340 inducendo.
1470 2272 1539 2341 Re.

173 2365 205 2444 ci
260 2392 274 2455 5
292 2362 459 2434 drachmas
473 2362 680 2449 cochenillae,
700 2358 983 2433 semi-drachmam
995 2386 1181 2459 granorumv
1188 2359 1276 2432 illius
1312 2363 1423 2452 lancae,
1440 2375 1545 2458 quam*

173 2385 271 2526 Clldn
284 2511 295 2538 ,
310 2481 430 2528 vocant
440 2513 450 2547 ‚
467 2469 499 2532 18
511 2484 611 2554 grana
624 2459 754 2529 corticis
769 2453 853 2523 illius
873 2457 985 2526 radicis
1005 2455 1105 2554 vulgo
1125 2459 1261 2523 Autour
1280 2389 1385 2549 dele,
1403 2462 1540 2532 totidem

171 2553 327 2625 aluminis
341 2559 428 2650 tupei
448 2591 458 2645 3
478 2560 623 2652 quinque
637 2576 730 2650 aqua
745 2548 833 2618 librae
847 2550 967 2623 invase
986 2553 1118 2622 stanneo
1140 2609 1150 2638 ,
1174 2573 1229 2623 aut
1254 2547 1345 2621 fissili
1371 2562 1405 2626 δι
1453 2552 1541 2622 lum.

172 2648 259 2720 bato
277 2647 428 2720 ebulliant
452 2709 462 2738 ,
487 2657 636 2744 inquam
656 2653 798 2747 primum
821 2671 919 2743 grana
939 2646 1072 2720 chotani
1091 2651 1213 2740 injicies
1240 2704 1250 2734 ,
1274 2671 1345 2743 que
1376 2580 1451 2745 poll
1477 2670 1541 2722 tres

172 2767 237 2815 aut
252 2768 390 2839 quatuor
401 2749 499 2818 undas
515 2744 723 2816 extrahuntur
745 2777 755 2831 ;
773 2768 829 2838 pet
847 2743 981 2813 linteum
998 2768 1118 2837 aquam
1140 2747 1297 2836 trajicitur
1311 2770 1320 2815 t
1333 2746 1444 2816 eadem
1457 2768 1543 2840 aqua

171 2843 210 2910 in
225 2839 343 2912 eodem
358 2839 431 2910 vase
444 2846 561 2913 iterum
575 2839 688 2910 bulliat
702 2895 713 2925 ‚
728 2843 761 2907 in
782 2864 879 2934 quam
900 2836 1113 2910 cochenillam
1135 2844 1255 2935 injicies
1271 2895 1281 2926 ,
1302 2865 1373 2936 quae
1396 2863 1541 2912 tantum-

169 2937 251 3006 dem
277 2942 432 3034 tempotis
452 2960 579 3007 maneat
593 2935 756 3006 movendo
772 2930 1007 3023 indefinenter,
1031 2958 1103 3007 tum
1126 2959 1183 3006 vas
1202 2932 1243 3005 ab
1261 2940 1334 3033 igne
1359 2938 1465 3010 statim
1486 2962 1541 3009 re-

170 3045 275 3103 move
294 3061 303 3104 :
323 3057 379 3129 per
392 3030 528 3105 linteum
540 3057 660 3127 aquam
673 3034 783 3120 trajice
796 3035 829 3100 in
844 3054 897 3099 vas
921 3034 1083 3116 vitreum,
1100 3029 1155 3101 ubi
1176 3057 1232 3130 per
1252 3033 1331 3101 osto
1352 3034 1418 3102 dies
1432 3033 1542 3132 liquot
1655 3089 1659 3097 .

170 3149 388 3224 permaneat,
409 3154 472 3224 qua
490 3127 644 3197 inclinato
670 3123 741 3195 vase
765 3124 889 3213 effusa,
914 3133 971 3223 qui
995 3133 1028 3199 in
1049 3125 1151 3197 fundo
1168 3125 1246 3199 volis
1259 3123 1388 3200 subfidit
1402 3129 1503 3202 limus
1527 3186 1539 3212 ,

170 3221 283 3320 ipsum
308 3226 352 3295 est
375 3229 509 3296 carmini
526 3228 753 3321 pigmentum,
772 3224 862 3320 quod
886 3226 920 3292 in
936 3223 1049 3296 umbra
1071 3225 1225 3320 paulatim
1250 3221 1422 3296 exsiccatur
1444 3224 1542 3297 char-

171 3341 211 3391 ta
233 3320 443 3407 obdu&um‚
472 3345 512 3391 ne
535 3318 664 3416 pulvere
683 3315 852 3392 inficiatur.
896 3318 1004 3392 Pulvis
1030 3317 1085 3391 ille
1118 3317 1232 3390 rubeus
1264 3319 1383 3416 spatula
1400 3319 1539 3419 lignea,

171 3439 234 3486 aur
256 3415 395 3488 eburnea
419 3415 572 3487 colledtus
592 3419 625 3484 in
649 3413 725 3482 loco
743 3412 829 3483 ficco
856 3414 1035 3487 asservetur.
1077 3421 1159 3513 Qrae
1176 3411 1306 3485 subalba
1331 3414 1455 3485 videtur
1476 3441 1537 3486 co.
1563 3426 1567 3432 ·

171 3509 344 3596 chenilla‚
365 3535 402 3581 ea
422 3513 465 3582 est
481 3513 603 3607 optima
621 3508 676 3578 ubi
696 3532 795 3606 grana
812 3505 883 3580 sunt
906 3508 1052 3581 crasslora
1075 3576 1087 3602 ‚
1107 3535 1204 3606 grana
1229 3511 1362 3580 chorani
1382 3513 1536 3605 integra,

172 3615 213 3679 δι
232 3604 381 3677 subviridi
399 3606 509 3677 colore
522 3607 623 3676 tindla
635 3604 702 3675 aliis
721 3627 948 3705 preponuntur
969 3639 979 3693 3
1001 3610 1089 3698 quod
1110 3610 1243 3671 Antaur
1268 3605 1401 3689 dicunt,
1426 3606 1537 3675 candi-

173 3702 259 3772 dum
282 3699 338 3788 fit,
363 3703 460 3797 idque
475 3701 590 3772 melius
610 3703 678 3788 est,
705 3725 773 3795 quo
788 3700 963 3786 candidius.
995 3700 1187 3773 Cavendum
1218 3698 1297 3769 illud
1322 3702 1479 3794 imprimis
1500 3724 1538 3774 ut

176 3792 364 3896 praescripto
385 3821 531 3894 tempore
546 3794 681 3868 bulliant
698 3800 889 3895 pigmenta,
913 3821 1017 3895 eaque
1036 3802 1070 3867 in
1089 3794 1237 3867 subtilem
1262 3792 1426 3892 pulverem
1451 3792 1539 3893 priris

176 3913 347 3980 terantur,
364 3917 402 3962 ac
414 3896 513 4060 nidtida
527 3893 587 3971 sint
600 3893 698 3967 lintea
718 3926 728 3985 3
748 3896 923 3990 unicuique
944 3892 1158 4002 percolatioui
1174 3889 1266 3967 suum
1293 3892 1385 3965 detur
1403 3888 1540 3972 linteum

175 4012 300 4095 putum
322 3998 357 4065 dc
378 3992 437 4068 niti
461 4014 535 4070 um.
1179 4032 1182 4036 ⁸

747 4294 976 4435 m
1199 4417 1204 4427 ⁸
