3646 5430
419 357 464 426 4²
718 322 918 398 Recta
984 319 1438 398 SCIENTIARUM

289 429 320 500 Α
335 452 359 498 u
369 451 405 499 u.
420 450 457 496 ea
468 420 668 540 partelucida
681 419 850 516 Tychonis
859 421 991 490 nomine
1003 415 1161 517 insignita.
1195 418 1323 516 helipsts
1338 423 1468 516 quidem
1479 408 1776 506 semidigimmaiut

289 528 388 607 1668.
422 547 523 618 quam
532 544 639 594 revera
649 515 726 587 effer
735 572 746 602 ,
756 520 929 613 apparuit,
944 514 1031 611 quod
1043 539 1114 612 pars
1131 517 1227 585 Lunae
1240 516 1261 584 a
1275 515 1349 586 Sole
1362 514 1511 586 illustrata
1523 499 1684 588 horizonti
1698 513 1781 588 fini·

420 623 499 688 tima
515 645 576 701 pra
586 612 776 687 refractione
786 613 905 683 tristior
916 617 1018 709 quam
1029 635 1085 709 pat
1098 608 1191 698 esset,
1207 611 1379 682 videretur.
1578 626 1580 630 ’
1723 622 1727 631 ’

473 719 517 786 11.
535 715 721 805 Antequam
733 705 854 804 eclipsis
865 712 1040 805 inciperet,
1054 701 1201 804 subnigra
1213 705 1338 777 macula
1349 761 1360 789 ‚
1373 729 1462 777 mare
1472 701 1625 805 Caspium
1642 732 1779 800 vocant,

418 832 486 881 erat
499 807 602 883 limbo
617 807 760 900 proxima
776 861 786 889 ‚
803 805 957 875 diameter
970 805 1066 875 Lunae
1080 827 1127 893 33.
1139 806 1255 874 minut.
1270 809 1301 873 δι
1320 805 1351 874 8.
1368 796 1496 877 secund.
1517 800 1579 872 suit
1599 799 1780 880 observata.

421 910 467 978 Ex
505 929 549 974 uo
565 908 609 977 D.
622 900 735 973 Picard
748 893 836 970 suam
850 900 1070 992 conjecturam
1091 920 1184 969 antea
1199 893 1395 996 propositam
1408 895 1634 985 confirmavit,
1651 905 1781 972 Lunam

419 932 569 1072 videlicet
592 1022 658 1069 non
680 993 762 1068 alias
788 1002 946 1088 majorem
968 994 1091 1079 videri,
1113 991 1169 1065 ubi
1183 1000 1251 1082 ejus
1267 990 1449 1063 altitudines
1468 989 1561 1091 supra
1574 993 1781 1070 horizontem

419 1120 510 1193 pares
522 1091 687 1165 sumuntur
700 1146 711 1178 ,
725 1092 829 1190 quim
844 1115 922 1161 cum
941 1093 1074 1190 petigaea
1088 1084 1145 1158 soli
1161 1092 1337 1254 opponitur
1351 1142 1362 1173 ,
1376 1111 1432 1159 aut
1457 1112 1532 1160 cum
1546 1115 1586 1160 eo
1605 1098 1783 1190 conjungi.

409 1211 493 1263 tur:
510 1214 580 1261 tum
594 1193 681 1260 enim
701 1183 792 1286 supra
805 1185 1019 1279 ,horizontem
1041 1183 1179 1255 multum
1208 1181 1315 1254 ublata
1339 1184 1379 1253 ad
1402 1211 1455 1278 34.
1474 1181 1574 1279 usque
1589 1189 1670 1260 min.
1693 1210 1782 1283 patet

298 1342 304 1361 .
418 1290 486 1376 eju.
499 1288 653 1358 diameter
666 1340 676 1372 ,
691 1292 725 1356 de
741 1284 869 1380 aliquot
891 1303 1017 1355 tantum
1041 1277 1183 1351 secundis
1197 1284 1302 1351 minor
1320 1274 1381 1350 else
1401 1282 1504 1379 potest
1523 1307 1531 1353 ε
1554 1306 1629 1353 cum
1646 1285 1679 1353 in
1721 1308 1782 1354 ua-

410 1380 555 1457 ,daturis
565 1392 598 1455 dt
612 1388 746 1479 perigaea
759 1387 826 1472 ejus
838 1381 992 1450 diameter
1006 1376 1047 1448 ad
1062 1373 1245 1462 intantum
1261 1380 1341 1449 min.
1356 1384 1390 1448 ἃ
1412 1405 1463 1466 30.
1482 1374 1541 1447 sec·
1563 1402 1622 1448 nec
1638 1308 1782 1476 ampqlitls

420 1500 541 1574 pateat.
565 1480 600 1551 ld
611 1476 690 1546 vetti
699 1474 763 1546 hoc
773 1480 875 1573 magis
887 1474 1067 1545 notandum
1081 1469 1233 1571 putabat,
1250 1472 1339 1568 quod
1349 1472 1537 1543 Astronomi
1548 1472 1624 1545 huic
1646 1495 1780 1546 contra·

420 1576 501 1643 tiam
516 1568 722 1674 hypothesim
735 1594 771 1641 ut
786 1593 907 1644 certam
926 1563 1101 1668 posuerint.

413 1734 416 1739 ,
470 1675 516 1743 Ex
536 1670 658 1742 umbrae
679 1665 811 1740 tranfitu
828 1693 884 1766 per
900 1658 1034 1738 diversas
1049 1663 1131 1737 luna
1147 1688 1250 1764 partes
1263 1661 1322 1734 suis
1334 1664 1518 1736 nominibus
1530 1665 1707 1766 designatas
1720 1661 1781 1739 oh-

397 1759 547 1840 servato
569 1770 744 1861 judicatum
763 1763 824 1835 suit
849 1764 1041 1834 diametrum
1062 1761 1183 1833 umbra
1205 1758 1337 1857 duplam
1360 1781 1433 1829 tum
1456 1759 1547 1832 fuille
1561 1762 1644 1834 lunae
1657 1765 1782 1835 diame-

411 1866 485 1950 ,αἱς
539 1859 678 1935 numbra
694 1856 818 1960 semper
836 1855 903 1931 visa
923 1858 968 1928 est
991 1856 1139 1928 umbram
1152 1855 1336 1927 antecedere
1359 1859 1453 1926 unius
1474 1853 1577 1928 ferme
1590 1858 1682 1957 digiti
1704 1857 1781 1928 lorr-

417 1889 576 2123 gptuehshe.
611 1959 675 2030 Sed
694 1961 746 2029 tix
760 1981 799 2028 ea
814 1952 873 2044 sub
895 1950 995 2025 linem
1010 1949 1160 2050 eclipseos
1174 1953 1281 2053 potuit
1303 1947 1344 2021 ab
1366 1950 1480 2022 umbra
1498 1949 1620 2025 secerni
1643 1955 1693 2026 die
1714 1962 1780 2048 jam

418 2052 513 2125 iluce
529 2076 632 2130 cente.

471 2152 562 2219 Lama
573 2146 779 2221 horizontem
791 2148 891 2244 coepit
904 2148 1059 2238 attium
1074 2141 1147 2218 hot.
1169 2171 1204 2232 4.
1229 2167 1304 2214 cum
1326 2171 1354 2239 5.
1379 2147 1460 2216 min.
1485 2152 1520 2216 dt
1545 2170 1598 2237 ²9·
1628 2145 1780 2224 secundis.

420 2246 522 2340 Qtod
536 2239 557 2314 st
571 2240 695 2344 eclipsrs
707 2243 762 2316 illa
774 2239 921 2316 centralis
936 2239 1043 2313 fuitset
1053 2249 1086 2314 δι
1096 2237 1329 2326 horizontalis,
1347 2247 1412 2334 jam
1423 2238 1511 2311 illius
1528 2264 1675 2315 centrum
1690 2242 1782 2342 supra

420 2338 628 2412 horizontem
639 2362 710 2411 tum
723 2335 883 2410 sublatum
894 2333 1001 2409 fuisset
1010 2350 1062 2412 ιε.
1073 2341 1153 2408 min.
1162 2360 1236 2405 cum
1246 2357 1393 2405 centrum
1404 2336 1487 2406 Solis
1497 2343 1596 2434 coepit
1608 2362 1781 2437 emergere:

419 2458 597 2533 utrumque
620 2437 701 2507 adeo
720 2434 877 2529 luminare
900 2457 981 2530 pene
994 2439 1158 2528 integrum
1172 2425 1264 2530 supra
1276 2426 1480 2502 horizontem
1494 2435 1594 2505 videti
1608 2434 1782 2536 putuiss'et,

419 2527 480 2602 nifi
497 2532 575 2629 quid
588 2530 673 2604 aliud
691 2530 801 2604 lunam
816 2529 918 2599 oculis
931 2523 1133 2602 subduxisset.

471 2628 612 2700 Eandem
625 2623 768 2724 eclipsim
784 2631 829 2699 D.
843 2620 988 2710 Cadini,
1010 2629 1056 2694 uti
1074 2645 1166 2694 antea
1183 2646 1221 2693 ex
1239 2623 1394 2695 contiuo
1411 2649 1634 2717 conuenerat,
1660 2629 1781 2700 Roma

421 2719 619 2796 observavit.
643 2723 753 2816 Atque
765 2745 803 2792 tx
815 2719 942 2791 collatis
953 2716 1226 2789 observationibus
1244 2714 1422 2798 differentia
1437 2726 1694 2795 Meridianorum
1712 2725 1783 2794 Ro·

423 2844 514 2893 mam
526 2820 608 2981 ἐπέξει
624 2811 910 2981 peperceramus
928 2815 1101 2886 constituta
1113 2869 1124 2901 ,
1138 2839 1209 2911 qua
1222 2814 1331 2913 postea
1347 2817 1365 2888 ὲ
1380 2815 1666 2916 satellitibusJuvis
1680 2842 1784 2890 accu-

422 2918 522 2986 ratius
577 2914 602 2982 it
647 2939 659 2981 e
689 2915 766 2986 nita.

471 3014 534 3081 111.
561 3005 629 3079 Sub
640 3010 727 3078 idem
743 3030 870 3107 tempus
884 3006 936 3079 die
958 3009 1112 3079 nimirum
1125 3005 1283 3080 tricesima
1308 3012 1393 3082 Maii
1412 3014 1458 3085 D.
1483 3004 1619 3083 Colbett
1635 3034 1673 3080 er
1694 3016 1784 3086 Aca.

421 3103 528 3176 demia
555 3107 603 3177 D.
627 3109 671 3178 D.
685 3103 724 3174 de
750 3108 909 3191 Carcavi,
930 3110 1088 3201 Hugens,
1114 3107 1154 3175 de
1167 3102 1357 3193 Roberval,
1372 3109 1528 3192 Arrzout,
1544 3108 1683 3196 Picard,
1707 3134 1783 3182 cum

420 3205 573 3276 Domino
589 3199 746 3298 Galloys,
760 3205 816 3297 qui
829 3222 899 3271 tum
912 3223 996 3285 erat,
1010 3203 1032 3270 a
1048 3201 1300 3272 Commentariis
1313 3225 1368 3272 aut
1381 3205 1604 3296 Secretarius,(
1614 3224 1682 3273 tum
1692 3209 1780 3277 enim

444 3298 585 3371 rofedtus
609 3319 698 3368 eram
730 3294 968 3395 Aquisgranum
986 3354 996 3383 ,
1016 3299 1050 3366 in
1082 3302 1239 3368 comitatu
1268 3293 1404 3370 illustris.
1426 3302 1498 3370 Viri
1519 3301 1565 3371 D.
1591 3299 1630 3368 de
1653 3298 1782 3400 Croilip

418 3318 532 3496 legari
556 3403 591 3468 dt
621 3391 708 3467 Pleni
734 3399 894 3467 otentiarii
920 3396 1020 3560 Regps
1042 3389 1297 3464 Christianilhmi
1322 3395 1336 3481 )
1366 3398 1398 3463 in
1422 3390 1509 3466 suam
1546 3391 1781 3470 Bibliothecam

418 3488 602 3580 atcetfivit,
616 3515 685 3588 quo
708 3422 751 3565 E.
766 3492 808 3561 du
827 3486 956 3586 Qtesne
1012 3496 1089 3586 egiae
1108 3481 1223 3562 Claffis
1238 3491 1373 3588 legatus
1386 3490 1492 3561 llatim
1507 3497 1662 3562 unacum
1678 3491 1782 3564 nobili

420 3594 588 3662 Germano
600 3589 682 3661 olim
695 3593 728 3658 in
747 3592 862 3660 suecia
882 3586 1032 3658 Tribuno
1043 3586 1184 3657 militum
1202 3582 1233 3656 se
1245 3586 1436 3660 contulerat.
1474 3592 1541 3659 Hic
1565 3593 1782 3684 excogitatam

420 3682 483 3756 ase
499 3689 656 3756 rationem
669 3708 791 3757 certam
802 3692 836 3757 δι
856 3682 987 3754 facilem
1001 3677 1153 3776 cujusque
1167 3679 1232 3751 loci
1251 3685 1284 3751 in
1301 3685 1383 3751 mati
1398 3681 1604 3780 longitudinis
1617 3686 1784 3756 invenien-

349 3782 356 3793 '
418 3777 466 3847 dae
483 3778 662 3877 proposuit.
686 3786 796 3877 Atque
808 3778 885 3850 illud
901 3781 1024 3849 tamdiu
1040 3773 1205 3873 quzsrtum
1224 3786 1257 3851 δι
1272 3782 1469 3874 navigationi
1483 3776 1615 3874 perutile
1624 3801 1780 3854 arcanum

414 3868 451 3947 se
464 3877 508 3944 ita
520 3875 811 3945 demonstraturum
824 3895 998 3971 receperat,
1008 3897 1042 3944 ut
1052 3896 1123 3967 quar
1133 3898 1245 3945 contra
1259 3900 1303 3971 op
1328 3896 1511 3956 onerentur,
1524 3869 1617 3942 facile
1632 3872 1778 3947 dilueret.

421 3968 550 4040 Postera
561 3971 614 4039 ‹lie
626 3994 738 4041 omnes
750 3974 784 4039 in
795 3969 933 4040 eundem
946 3968 1057 4039 locum
1071 3993 1250 4041 convenere
1265 3997 1274 4042 t
1312 3992 1366 4039 uas
1384 3966 1467 4038 hanc
1480 3973 1512 4037 in
1525 3992 1594 4039 rem
1615 3968 1782 4044 machinas

418 4062 563 4137 exhibuit
578 4120 589 4151 ,
607 4064 723 4164 quibus
739 4066 953 4165 longitudines
968 4063 1116 4137 locorum
1131 4067 1220 4136 cettei
1239 4059 1381 4163 dignosci
1399 4061 1523 4163 pollent
1537 4121 1547 4149 ,
1561 4089 1673 4136 earum
1689 4065 1783 4137 usum

419 4157 542 4262 scriptis
559 4159 740 4260 expolitum
762 4165 899 4234 domino
915 4161 1052 4259 Galloys
1074 4161 1227 4243 tradidit,
1246 4185 1281 4232 ut
1302 4160 1344 4234 ab
1360 4164 1398 4233 iis
1414 4164 1472 4258 qui
1487 4158 1573 4256 huic·
1583 4165 1630 4233 rei
1648 4161 1782 4259 dignos·

419 4262 526 4330 cendae
543 4281 634 4331 erant
648 4257 832 4359 pracpohti,
857 4260 1098 4357 expenderetur.
1773 4323 1778 4334 ,

470 4362 509 4426 In
528 4355 593 4428 hoc
613 4352 754 4455 postum
773 4381 842 4431 erat
865 4354 982 4427 nobilis
1002 4355 1084 4427 illius
1109 4358 1263 4428 Germani
1280 4362 1475 4447 inventum,
1498 4379 1536 4429 ut
1558 4351 1783 4428 confecturus

417 4457 492 4524 navi
505 4508 515 4539 ,
529 4457 562 4521 in
575 4476 815 4549 quamcumque
838 4476 963 4549 partem
989 4451 1051 4523 lata
1072 4449 1271 4551 perspectum
1287 4457 1348 4523 iter
1366 4453 1549 4528 haberetur.
1570 4448 1716 4525 Trabrm
1740 4449 1782 4524 il·

416 4545 509 4637 lam,
534 4552 587 4622 cui
599 4547 693 4619 instar
710 4542 804 4644 spina
827 4545 911 4620 dorsr
935 4553 1042 4619 carina
1066 4555 1155 4619 navis
1179 4545 1322 4619 conserta
1350 4551 1426 4638 est,
1454 4572 1525 4642 qua
1550 4574 1589 4620 ue
1610 4546 1710 4644 vulgo
1731 4547 1783 4617 di.

418 4653 502 4719 titur
517 4645 616 4742 quille
636 4639 680 4713 da
698 4649 729 4705 V
729 4642 844 4734 ahseaa
857 4703 868 4728 ,
881 4642 939 4715 sub
956 4668 994 4714 ea
1017 4667 1106 4738 parte
1121 4647 1175 4716 eui
1191 4642 1369 4715 versorium
1384 4652 1505 4745 apponi
1526 4575 1630 4731 lohe,
1651 4645 1672 4714 a
1693 4636 1784 4716 sum..

414 4761 473 4820 mu
491 4744 533 4817 ad
548 4746 653 4828 imum
675 4735 874 4848 perforabat.
911 4743 1002 4822 Huic
1019 4736 1177 4821 foramini
1198 4737 1272 4847 satis
1289 4742 1406 4846 amplo
1425 4737 1612 4833 machinam
1625 4735 1687 4827 suia
1703 4742 1786 4821 toti!
