3646 5430
360 397 709 474 ACADEMIAE
756 389 1095 465 HISTORIA.
1131 392 1289 464 [iuvi.
1480 417 1529 491 555

223 497 269 571 D.
288 496 318 567 le
333 500 432 568 Perre
448 497 499 564 die
510 520 544 568 12
557 494 672 566 Martii
686 489 819 560 Lunatis
836 485 1009 589 eclipseos,
1035 511 1106 586 quae
1125 485 1232 559 futura
1249 508 1316 560 erat
1329 486 1379 559 die
1392 512 1421 578 ¹3
1441 485 1528 561 lrunc
1543 481 1662 573 Assio.

164 592 490 664 'exhibuitcalculum-
1541 603 1624 654 nom.

312 754 448 822 Initium
465 750 609 826 futurum
625 747 670 822 est
697 776 710 844 ς
730 750 763 823 h.
791 760 861 849 56,
891 772 953 841 41.

314 879 463 951 Medium
492 904 537 968 7,
562 905 627 966 22,
654 905 684 968 7.

316 1015 399 1081 Finis
441 1013 489 1097 8,
513 1037 578 1104 47,
609 1039 655 1106 33.

314 1136 513 1235 Magnitudo
543 1163 564 1223 7
589 1139 791 1235 digitorum,
821 1162 879 1232 42.

228 1271 310 1362 Quae
340 1265 502 1361 praedislio
532 1287 607 1332 cnm
640 1260 952 1340 observationibusal
975 1269 1022 1341 D.
1052 1267 1097 1340 D.
1123 1261 1244 1340 Casllni
1272 1265 1422 1341 &dela
1453 1267 1538 1340 Hire

172 1359 268 1432 fastis
289 1363 423 1429 omnino
440 1356 673 1439 consentiens,
705 1383 804 1458 quarn
829 1383 982 1436 accurata
1009 1361 1068 1434 sint
1094 1362 1207 1435 tabulae
1230 1364 1277 1437 D.
1300 1364 1331 1435 le
1352 1361 1449 1436 ferte
1466 1361 1540 1434 satit

174 1454 350 1554 persuadet.

231 1557 294 1623 Die
319 1580 355 1640 23
378 1548 575 1646 Septembris
601 1547 674 1620 solis
699 1550 822 1653 eclipsis
849 1550 890 1622 ab
918 1549 1028 1624 iisdem
1056 1554 1259 1626 hllrouomis
1289 1547 1350 1625 fuit
1376 1550 1543 1625 observata

176 1643 345 1742 quousque
365 1652 398 1716 in
416 1647 476 1716 hac
490 1642 617 1716 sublimi
638 1652 671 1718 de
691 1650 856 1720 recondita
874 1650 1007 1720 material
1029 1653 1163 1722 humaui
1186 1656 1305 1749 ingenii
1328 1648 1488 1749 progressa
1505 1644 1542 1720 ht
1658 1673 1662 1680 ·

176 1741 327 1813 industria
341 1799 350 1829 ,
363 1767 400 1810 ex
417 1739 536 1838 scripto
561 1745 608 1814 D.
619 1739 740 1814 Cassius
754 1743 849 1815 facile
863 1744 1062 1840 intelligitur.

225 1835 352 1909 Umbra
369 1836 477 1907 alurici
492 1841 523 1904 iii
542 1857 632 1908 terrae
651 1831 849 1935 superficiem
871 1838 1039 1938 projesta,
1060 1864 1186 1912 motum
1214 1838 1298 1914 illius
1317 1835 1358 1911 ab
1379 1833 1494 1911 occasu
1511 1844 1547 1911 in

178 1955 288 2007 ortum
314 1930 541 2025 consequitur:
564 1957 635 2028 quae
651 1933 828 2029 apartibus
843 1941 998 2007 Ameticae
1018 1935 1239 2009 Orientalibus
1263 1947 1295 2009 lle
1318 1942 1454 2006 Boream
1473 1959 1549 2005 νει·

178 2030 228 2102 sus
243 2027 351 2123 positis
365 2032 520 2123 incipiens
532 2029 571 2099 ad
586 2029 733 2099 occiduas
750 2032 887 2104 Siricnsis
900 2037 988 2128 regui
1006 2037 1152 2130 regiones
1163 2029 1288 2118 definit,
1298 2032 1467 2131 postquam
1481 2053 1554 2100 men

178 2127 265 2195 diam
281 2122 428 2194 Africam
440 2132 473 2195 δι
486 2131 696 2219 AEquatorcm
711 2126 814 2224 ipsum
837 2125 1027 2225 pertransiit.
1067 2134 1174 2220 Hujus
1193 2126 1313 2197 umbrat
1331 2129 1369 2194 ad
1385 2127 1553 2196 dimidiam

180 2219 249 2289 fere
262 2240 383 2313 partem
399 2216 676 2312 septentrionalem
684 2221 788 2291 hollri
807 2217 1020 2319 hemispherii
1035 2219 1188 2321 proterisae
1208 2272 1218 2304 ,
1245 2247 1282 2293 ac
1308 2222 1412 2293 sersus
1437 2220 1553 2319 polum

183 2338 255 2410 pars
268 2336 387 2406 magna
397 2316 431 2380 in
444 2335 561 2381 terram
580 2338 646 2383 non
662 2320 818 2411 pervenit.

232 2414 277 2477 V.
302 2405 409 2476 Inhac
432 2403 546 2474 umbri
563 2411 606 2480 D.
627 2404 773 2480 Callinus
787 2414 924 2484 mediam
951 2408 1097 2484 describit
1123 2405 1240 2483 lineam
1261 2429 1325 2508 quq
1347 2431 1403 2507 per
1420 2409 1493 2480 solis
1516 2407 1550 2482 dc

184 2503 260 2591 lune
275 2524 382 2572 centra
396 2502 492 2570 dusta
503 2501 678 2572 densiorem
692 2499 802 2576 effecit
816 2505 1057 2578 obscuritatem.
1088 2509 1207 2578 Eodem
1228 2514 1353 2604 prorsus
1375 2506 1474 2576 modo
1537 2528 1553 2574 r

186 2622 274 2669 terrae
290 2595 487 2692 superficiem
505 2620 542 2666 ea
559 2599 602 2668 est
628 2598 721 2668 dueta
745 2656 755 2685 ‚
774 2600 842 2673 haec
855 2605 972 2673 cundia
993 2601 1077 2674 orbis
1092 2597 1242 2674 terrestris
1268 2599 1364 2688 loca,
1387 2606 1420 2669 in
1436 2531 1552 2697 quibsis

184 2691 311 2788 eclipsis
324 2691 470 2762 centralis
484 2714 517 2760 ut
537 2716 656 2766 vocant
671 2750 680 2780 ,
693 2692 759 2764 visa
780 2701 847 2787 cst,
873 2698 1028 2768 delineata
1050 2699 1246 2770 demonsltat
1262 2734 1271 2786 3
1295 2723 1330 2768 er
1347 2700 1483 2793 utrique
1493 2696 1554 2766 hu·

187 2797 237 2884 jus
258 2789 347 2858 lineae
369 2809 457 2884 parre
471 2785 585 2860 umbra
601 2791 644 2861 est
659 2789 907 2891 dilutior,atque
920 2793 965 2864 ibi
986 2794 1363 2895 pariialisuntummodo
1374 2814 1439 2861 crit
1451 2790 1557 2890 eclip-

186 2883 237 2970 sis,
253 2909 322 2979 quae
337 2881 400 2951 hoc
414 2886 616 2972 minorerat,
634 2894 667 2958 dc
682 2883 796 2959 umbra
807 2889 955 2976 debilior,
974 2915 1041 2984 quo
1054 2890 1125 2961 loca
1140 2912 1228 2958 erant
1242 2893 1394 2958 viciniora
1409 2910 1558 2979 extremo

187 2984 338 3074 margini.
384 2977 516 3072 Quanti
546 2978 705 3052 celeritate
729 2977 795 3054 haec
824 2981 936 3056 umbra
970 3008 1086 3055 terrani
1127 3002 1289 3081 percurrat
1316 2974 1381 3080 ipse
1417 2976 1553 3070 definit,

190 3095 279 3161 tauta
292 3075 334 3142 esl
350 3096 383 3144 ut
406 3072 520 3171 globus
538 3073 746 3147 bombardilis
763 3078 848 3151 illius
859 3080 1051 3151 celeritatem
1067 3105 1134 3151 non
1149 3074 1340 3176 assequatur.
1366 3077 1453 3150 Cuni
1469 3073 1556 3150 ressa

189 3194 245 3268 pet
261 3167 378 3242 solis&
391 3168 471 3240 lunae
492 3194 599 3242 centra
616 3172 710 3241 dusla
724 3171 811 3245 orbis
830 3177 981 3246 terrestris
995 3199 1141 3250 centrum
1162 3176 1304 3269 pervadit
1317 3231 1328 3261 ,
1341 3181 1435 3270 cique
1445 3170 1557 3246 insistit

185 3266 229 3335 ‘ad
243 3265 505 3361 perpendiculum
519 3322 529 3351 ,
543 3265 662 3337 umbra:
681 3274 840 3364 projefflo
854 3270 897 3342 est
911 3270 1046 3343 circulus
1060 3267 1166 3358 ,secus
1182 3270 1226 3340 est
1244 3269 1416 3366 oblongior
1432 3326 1441 3354 ,
1464 3277 1496 3342 ὅ(
1514 3293 1560 3341 eo

186 3364 292 3454 ¹inagis
307 3361 508 3456 irregularis,
524 3386 591 3456 quo
608 3363 686 3429 radii
698 3370 831 3435 extremi
845 3366 960 3461 quibus
978 3370 1136 3462 cingitur,
1151 3370 1252 3459 magis
1264 3367 1301 3433 ad
1321 3360 1456 3433 diversis
1466 3383 1559 3434 tetroe

191 3477 316 3554 partes,
333 3459 365 3523 in
378 3478 456 3546 quas
470 3461 660 3539 incurrunt,
677 3463 709 3526 δι
725 3464 818 3528 variis
834 3462 936 3528 modis
946 3458 1152 3528 inclinantur.
1182 3466 1255 3544 Ηςε
1268 3458 1416 3553 projeslae
1436 3456 1562 3526 umhrae¹

94 3634 96 3638 Ι
116 3622 121 3628 ,
193 3547 367 3645 obliquitas
380 3552 412 3618 id
427 3545 546 3636 efficit,
564 3572 599 3618 ut
610 3549 702 3618 latius
719 3573 843 3646 pateat,
861 3575 921 3622 nec
939 3572 1006 3620 tam
1019 3553 1125 3647 rapide
1142 3552 1344 3647 pertranseat.
1370 3553 1465 3620 Radii
1482 3560 1558 3648 qui.

94 3677 97 3680 ⁴
193 3645 252 3716 bus
264 3644 377 3716 umbra
390 3649 578 3717 terminatur
593 3644 755 3734 distrasli,
771 3654 804 3719 de
820 3640 996 3718 extrorsum
1015 3671 1070 3745 per
1084 3643 1310 3718 refradi'ouem
1326 3648 1463 3745 projesli
1480 3671 1560 3720 uni¹

194 3740 286 3812 brairi
314 3764 442 3839 augent.

191 3866 197 3873 ·
244 3839 419 3936 Postquam
442 3842 488 3910 D.
511 3833 630 3908 Callini
647 3834 718 3909 loca
737 3836 936 3936 designavit,
955 3843 988 3910 in
1010 3835 1125 3935 quibus
1144 3834 1267 3936 ccliphs
1283 3837 1431 3926 centralis
1455 3838 1559 3915 videri

197 3939 322 4033 potuit,
359 3936 391 4004 id
413 3934 519 4031 postea
535 3937 669 4027 inquirit
690 3959 730 4004 an
748 3937 859 4005 cadem
884 3956 1017 4030 quoque
1036 3932 1145 4005 totalis
1171 3938 1269 4006 videri
1290 3940 1441 4032 potuerit.
1477 3940 1559 4006 Hoc

196 4037 308 4126 urique
321 4054 359 4100 eir
380 4030 541 4099 diametris
556 4029 780 4125 apparentibus
792 4027 910 4102 solis&
929 4031 1009 4101 luna:
1021 4030 1210 4123 dijudicatur
1230 4089 1240 4118 ,
1264 4028 1285 4100 fi
1309 4031 1462 4100 diameter
1483 4027 1561 4100 solia
1665 4107 1667 4112 ἱ

191 4126 233 4199 ‘ht
248 4131 376 4217 major,
400 4120 522 4220 ccliplis
536 4129 596 4194 erit
612 4123 793 4212 annularis,
810 4149 884 4194 narn
900 4122 957 4197 soli
975 4124 1108 4224 superest
1123 4123 1241 4196 limbus
1258 4127 1392 4209 lucidus,
1407 4147 1474 4218 quo
1489 4129 1558 4195 ciii·

197 4228 282 4320 gitur
294 4218 376 4290 lunae
388 4215 489 4289 discus
506 4215 670 4289 obscurior
691 4254 701 4309 3
722 4218 804 4290 lunae
820 4220 972 4291 diameter
994 4227 1097 4313 major
1127 4217 1269 4320 eclipsim
1289 4220 1380 4292 totali
1399 4226 1562 4311 majorem

198 4317 319 4401 efficit,
334 4324 367 4388 de
380 4312 425 4385 sol
442 4337 498 4410 per
518 4313 644 4408 aliquot
658 4339 823 4386 momenta
840 4314 1029 4403 obducitur,
1046 4310 1067 4384 ll
1087 4316 1221 4412 aequales
1236 4315 1295 4387 hnt
1308 4317 1480 4402 diametri,
1504 4336 1559 4386 to.

199 4413 270 4486 talis
284 4413 328 4481 est
339 4406 460 4508 eclipsis
475 4409 548 4494 ,sed
561 4409 600 4479 ad
613 4436 815 4485 momentum
829 4415 1069 4485 tantummodo.
1103 4411 1260 4485 Habenda
1274 4434 1405 4507 quoque
1421 4409 1464 4479 est
1478 4413 1565 4482 ratio

196 4510 289 4578 horae
305 4506 369 4601 qud
386 4512 419 4576 in
442 4508 479 4574 iis
493 4505 573 4576 locis
600 4502 663 4576 visa
692 4506 735 4575 eil
756 4503 877 4602 eclipsis
897 4509 1056 4583 centralis.
1098 4510 1179 4581 Non
1199 4513 1285 4578 enim
1309 4507 1383 4577 luna
1406 4503 1426 4574 d
1448 4503 1566 4576 tellure

200 4604 282 4674 aded
295 4604 438 4689 distat,ut
452 4600 595 4672 distantia
610 4599 693 4671 illius
707 4624 781 4672 cuni
795 4604 840 4674 ell
855 4605 1081 4674 inmeridiano
1097 4608 1171 4677 &in
1183 4601 1353 4674 horizonte
1368 4622 1436 4669 non
1446 4595 1482 4670 lit
1497 4598 1559 4670 ali.

203 4706 291 4787 cujus
306 4701 462 4771 momenti
478 4754 489 4784 ,
503 4700 611 4766 minor
628 4698 672 4765 est
692 4721 767 4767 cuin
788 4696 991 4769 horizontem
1014 4699 1088 4769 stein
1113 4703 1138 4770 it
1154 4755 1165 4787 ,
1191 4699 1279 4794 quod
1292 4696 1418 4792 longius
1434 4692 1565 4768 'anobis

203 4792 311 4886 dhet,
331 4798 463 4898 propior
478 4795 523 4867 est
534 4801 568 4866 δι
578 4798 685 4890 major
700 4796 734 4870 iu
749 4795 926 4870 meridiano
946 4849 958 4883 ,
980 4725 1299 4869 tametsociiloium
1311 4791 1434 4884 judicio
1453 4796 1563 4864 minor

1227 4894 1345 4964 Aaaa
1364 4890 1390 4989 ij
