3646 5430
395 344 747 423 'ACADEMIAE
793 341 1133 418 HISTORIA.
1179 339 1256 415 [ιι.
1276 342 1336 414 IV.
1503 360 1566 434 ³45
1661 428 1664 433 Ι

192 474 250 524 res
266 448 390 520 eminus
412 442 571 519 videbitur
597 471 605 516 ε
635 468 712 514 nam
734 441 813 513 radii
835 442 977 512 medium
1000 437 1220 538 crystallinum
1245 454 1444 549 penetrantes
1470 437 1562 505 citius
1579 430 1684 528 Opti&

191 543 338 618 coibunt
355 598 366 629 ,
406 548 483 611 uam
498 544 554 634 qui
568 562 727 612 extremos
744 537 827 607 illius
844 540 1001 634 margines
1020 534 1223 633 pervadunt,
1242 537 1330 627 rique
1351 530 1439 601 velut
1460 554 1561 600 annu·
1578 551 1632 603 ca.

196 641 271 713 lum
286 569 459 733 quemdam
472 637 650 733 depingunt
673 689 683 718 ,
705 635 795 729 quod
814 656 881 703 non
906 656 974 702 tam
996 636 1064 702 cito
1085 633 1234 716 co'e'ant,
1260 652 1299 697 ac
1314 631 1435 724 priores
1462 624 1561 696 radii:
1605 650 1609 657 ·
1676 626 1680 632 ’

196 737 300 829 idque
327 736 465 804 maximi
491 728 514 800 st
542 728 663 828 pupilla
684 728 721 799 sit
741 732 931 825 apertior&
951 751 1068 825 corpus
1091 723 1189 823 paulb
1213 729 1366 794 remotius
1391 717 1561 818 spedletur.

196 830 301 904 Unde
316 825 481 920 obje&um
494 829 623 922 nigrum
636 830 668 895 in
683 823 785 894 fundo
796 820 873 892 albo
893 819 1031 920 pofitum
1053 827 1087 893 in
1104 814 1183 891 foco
1209 818 1380 917 crystallini
1404 819 1565 914 punslum

197 932 331 1022 nigrum
351 925 515 1021 depinget.
548 923 589 990 At
608 918 629 989 st
647 922 725 989 radii
742 916 913 1015 crystallini
937 917 1073 988 limbum
1093 939 1295 1015 penetrantes
1312 920 1345 983 in
1368 918 1466 982 retina
1495 905 1562 1007 ipsit

198 1025 341 1103 co'c'ant,
360 1022 416 1112 qui
438 1042 493 1115 per
511 1016 652 1086 medium
669 1011 830 1084 transeunt
847 1012 1093 1111 crystallinum,
1111 1036 1177 1080 non
1195 1014 1360 1079 incurrunt
1373 1011 1406 1076 in
1424 1013 1561 1080 retinam

198 1111 258 1187 nili
272 1113 341 1210 post
355 1107 545 1184 concursum
558 1121 624 1205 jam
638 1109 761 1181 fassum
776 1164 787 1198 ,
802 1114 935 1180 &inea
958 1103 1059 1179 basim
1080 1107 1132 1178 seu
1152 1103 1310 1206 pidlutam
1329 1108 1465 1173 omnino
1484 1128 1558 1203 per-

200 1209 368 1283 turbatam
385 1206 558 1278 desineant.
1544 1282 1547 1289 Ι

252 1314 285 1377 V
296 1309 372 1376 111.
403 1302 503 1387 Quod
517 1300 538 1370 st
553 1327 623 1400 pars
636 1302 741 1373 media
754 1301 926 1402 crystallini
946 1306 1051 1373 minus
1068 1320 1210 1370 convexa
1224 1294 1260 1370 sit
1273 1298 1375 1393 quam
1385 1321 1531 1369 extremae
1545 1356 1558 1386 ,

148 1442 153 1483 ι
198 1423 237 1475 ut
249 1397 286 1472 fit
298 1405 330 1470 in
348 1395 524 1494 presbytis,
539 1421 609 1468 tum
623 1421 671 1466 res
681 1402 843 1494 geminata
856 1398 1033 1484 videbitur,
1052 1393 1104 1467 sed
1119 1397 1312 1466 contrariam
1327 1389 1371 1463 ob
1387 1400 1564 1468 rationem.

147 1538 156 1579 ;
199 1502 296 1574 Nam
316 1499 408 1566 citius
426 1490 563 1564 coibunt
575 1494 652 1562 radii
664 1499 720 1590 qui
737 1497 897 1590 margines
910 1493 994 1590 ipsos
1007 1491 1195 1590 pervadens.

147 1634 157 1673 ς
254 1593 366 1686 Atque
383 1613 422 1660 ex
446 1586 609 1684 irregulari
636 1586 738 1684 figura
753 1609 875 1656 corneae
899 1593 1013 1659 tunica
1035 1610 1090 1658 aut
1110 1582 1280 1682 crystallini
1301 1590 1382 1655 ratio
1405 1587 1556 1675 ducitur,

151 1706 157 1723 ·
186 1712 264 1782 Ιιιις
279 1709 398 1776 corone
410 1688 494 1755 circa
512 1684 598 1753 sices
609 1680 752 1754 accensas
765 1677 971 1779 spestentur:
990 1709 1066 1754 narn
1089 1675 1265 1777 superficies
1291 1685 1396 1753 minus
1414 1682 1558 1778 aequabi.

147 1784 161 1877 3'
198 1782 250 1857 les
275 1789 310 1855 δέ
331 1778 484 1877 regulares
509 1786 541 1848 in
570 1779 838 1850 certis-distantiis
863 1776 1024 1874 duplicem
1046 1774 1190 1848 efficiunt
1214 1772 1359 1862 focum,
1381 1805 1419 1848 ac
1447 1772 1558 1849 circuli

196 1872 375 1963 luminosi,
402 1878 488 1944 circa
514 1877 634 1972 punsba
662 1872 830 1969 inquibus
855 1872 959 1971 plures
982 1875 1059 1945 radii
1083 1870 1277 1969 colliguntur
1300 1879 1333 1942 ἃ
1354 1874 1498 1942 distindla
1521 1867 1558 1944 lit

186 1969 305 2065 milio,
326 1965 474 2066 descripti
497 1969 551 2042 has
579 1993 715 2040 coronas
742 1967 833 2040 nobis
851 1966 1002 2040 exhibent
1026 2027 1038 2059 ‚
1066 1995 1136 2065 quae
1157 1963 1212 2036 ubi
1236 1967 1412 2040 constantes
1434 1965 1504 2040 sunt
1523 1979 1558 2042 δι

196 2067 325 2166 semper
344 2089 527 2164 apparent,
546 2069 663 2137 vitium
684 2062 745 2136 elle
773 2068 806 2133 in
830 2064 1014 2162 crystallino
1035 2069 1188 2136 indicant.
1230 2063 1292 2131 Sed
1306 2061 1360 2133 ubi
1375 2070 1467 2136 certis
1485 2088 1558 2136 tan·

198 2186 274 2241 tum
299 2157 499 2261 temporibus
524 2185 567 2230 eae
587 2161 733 2230 ridentur
753 2215 764 2246 ,
788 2160 1002 2258 irregularitas
1025 2184 1147 2233 cornea
1167 2160 1200 2228 id
1228 2155 1418 2257 plerumque
1435 2158 1557 2248 efficit,

197 2263 368 2334 marcidit
388 2311 400 2342 ,
428 2279 502 2326 cum
517 2253 637 2325 diutitls
660 2256 757 2324 oculo
777 2279 888 2325 manus
902 2260 1010 2326 innixa
1030 2259 1097 2328 est:
1118 2277 1156 2323 ac
1185 2251 1314 2322 subinde
1336 2254 1459 2328 colotes
1479 2264 1560 2329 varii

197 2352 433 2453 apparebunt,
455 2349 477 2420 sr
498 2346 668 2447 magnast
688 2349 839 2420 restadlio
863 2406 873 2435 ,
894 2349 937 2420 ob
961 2348 1137 2449 superficies
1160 2348 1335 2421 admodum
1356 2340 1558 2446 irregulares.

197 2453 293 2525 Rern
305 2453 348 2519 ita
361 2446 423 2520 else
435 2447 510 2517 hinc
521 2450 719 2542 comperies,
740 2444 760 2514 st
775 2442 958 2541 subnigrum
972 2472 1087 2540 corpus
1120 2440 1224 2540 upillae
1237 2441 1445 2516 admoveatur
1460 2474 1468 2517 ε
1483 2469 1563 2517 curn-

195 2551 293 2620 enim
311 2543 388 2708 ilgud
401 2566 524 2642 partem
538 2540 669 2640 pupillae
677 2541 864 2628 obduxerit,
879 2542 1013 2614 circulus
1023 2471 1146 2614 lucidus
1156 2560 1193 2608 ex
1206 2537 1335 2612 dimidia
1347 2562 1436 2639 parte
1456 2532 1564 2611 scetus·

195 2666 221 2713 a
273 2664 325 2709 are
350 2662 387 2711 rt.

221 2666 330 2804 pllil·
351 2737 489 2832 Mpopes
505 2733 620 2829 quibus
635 2732 756 2832 pupilla
773 2737 816 2805 est
835 2732 1021 2831 angustior,
1043 2739 1076 2804 δι
1093 2729 1166 2804 sana
1184 2722 1256 2800 sunt
1268 2756 1388 2831 organa
1401 2790 1411 2821 ,
1424 2739 1445 2805 ii
1460 2737 1561 2806 mini«

195 2856 259 2906 ma
277 2852 413 2927 quaeque
432 2825 558 2922 objesla
568 2825 748 2898 discernunt
759 2836 872 2923 majori
895 2817 962 2899 luci
979 2826 1118 2927 expolita
1146 2855 1154 2900 ι
1181 2851 1256 2898 nam
1281 2833 1356 2899 coni
1379 2829 1473 2900 lucidi
1496 2859 1558 2902 an-

194 2927 378 3027 gustiores,
395 2948 469 2994 cum
485 2927 642 2992 acutiores
668 2922 804 3019 habeant
822 2930 927 3024 apices
948 2980 960 3012 ,
985 2927 1165 2996 dillinstam
1187 2927 1288 3020 magis
1307 2927 1464 3022 pidlutam
1485 2921 1566 3000 effi‘·

199 3026 296 3094 ciunt
310 3078 319 3108 ,
333 3024 435 3115 quam
449 3017 472 3088 sr
487 3023 562 3088 coni
574 3015 670 3089 essent
684 3017 859 3093 obtusiores
884 3047 892 3090 :
917 3015 968 3090 sed
987 3019 1113 3114 objesla
1133 3022 1231 3090 etiam
1256 3024 1399 3114 proxima
1416 3045 1484 3091 non
1509 3030 1559 3094 vi·

195 3116 299 3204 dent,
312 3113 371 3186 nist
385 3114 497 3186 eadem
511 3114 602 3183 valde
624 3115 804 3189 collustrata
818 3145 826 3188 ι
846 3141 922 3188 nam
934 3121 1046 3215 imago
1061 3115 1170 3216 ampla
1183 3118 1217 3184 in
1231 3111 1331 3187 fundo
1345 3113 1432 3186 oculi
1445 3119 1561 3217 depin-

198 3215 311 3314 gitur,
326 3218 360 3282 &
374 3209 484 3280 lumen
498 3207 636 3280 multum
645 3206 811 3308 spargitur.

252 3312 301 3380 X.
333 3311 420 3402 Qo·
435 3304 562 3376 brevior
578 3307 622 3375 est
640 3301 722 3375 uisus
745 3363 759 3386 .
784 3311 849 3379 hoc
876 3333 924 3378 res
946 3306 1072 3403 objesia
1095 3317 1199 3403 major
1213 3329 1345 3405 apparet
1369 3363 1379 3393 ,
1406 3302 1566 3382 obicum

200 3399 309 3502 specie
324 3401 409 3472 illius
427 3427 483 3500 per
502 3403 621 3470 vitrum
635 3425 749 3470 cavum
763 3401 938 3474 transmilla
958 3427 1161 3495 comparatur
1186 3431 1194 3474 ι
1215 3399 1336 3473 tametfi
1364 3427 1419 3498 per
1439 3411 1567 3476 vitrum

200 3521 390 3572 concavum
405 3495 501 3594 longe
521 3495 697 3566 distinctior
718 3495 921 3595 conspicitur.
948 3493 1018 3568 Ubi
1036 3503 1137 3569 retina
1159 3491 1267 3568 minsis
1285 3493 1358 3566 sana
1378 3495 1451 3587 est,
1477 3505 1559 3569 vitra

200 3600 287 3667 'cava
301 3591 418 3665 nullius
433 3588 504 3663 sunt
523 3591 594 3671 usus
618 3619 627 3663 ε
650 3592 997 3688 nanspenicilloruma
1022 3595 1085 3663 ires
1107 3596 1238 3689 propius
1259 3591 1384 3660 admoti
1394 3593 1561 3690 angustio-
1670 3579 1678 3595 “

201 3715 253 3763 res
267 3688 410 3760 fortiam
423 3691 576 3784 imagines
591 3688 693 3782 qu'am
714 3711 749 3757 ut
774 3711 932 3784 organum
953 3616 1124 3773 affiliant,
1145 3695 1179 3760 δι
1197 3682 1374 3756 dillinblam
1400 3689 1566 3782 praebeant

203 3782 375 3856 visionem.
411 3783 470 3852 Sed
488 3785 551 3852 duo
567 3787 648 3852 vitta
667 3806 808 3876 quorum
832 3808 933 3854 unum
954 3805 1156 3869 convexum,
1170 3780 1353 3854 &alterum
1367 3782 1411 3851 est
1430 3809 1577 3874 castrant·

202 3876 281 3952 satis
290 3877 431 3976 amplam
445 3873 588 3948 efficiunt
604 3881 778 3973 imaginem
788 3933 801 3966 ,
811 3885 846 3952 δι
858 3879 961 3951 radios
971 3880 1015 3948 ita
1027 3875 1253 3977 disponunt,ut
1263 3873 1408 3975 plerique
1417 3878 1568 3972 subeant,¹

204 3979 288 4052 &in
305 3979 407 4045 retina
422 3979 548 4045 co'c'ant.
974 4043 977 4047 ,

251 4077 286 4146 Χ
297 4077 324 4143 1.
346 4068 429 4140 lllud
445 4093 577 4166 quoque
591 4063 732 4138 solemne
752 4068 799 4140 est'
810 4068 981 4170 myopibus
1002 4094 1038 4143 ut
1057 4074 1245 4142 minutiores
1257 4096 1385 4145 errarent
1398 4071 1562 4146 characte-

153 4174 166 4179 “
203 4195 266 4245 res.
285 4165 378 4239 Idem
388 4171 476 4236 enim
489 4169 526 4233 iis
543 4168 650 4233 evenit
664 4165 755 4259 quod
767 4167 943 4266 presbytis,
958 4167 1035 4237 dum
1056 4167 1175 4238 litteras
1187 4168 1332 4266 digitales
1350 4176 1481 4269 propius
1503 4172 1560 4239 ad·

203 4288 315 4338 motas
331 4263 457 4357 legunt:
469 4264 638 4333 continuus
650 4263 923 4357 capitismotusiis
935 4262 1085 4335 molestus
1099 4263 1163 4351 est,
1176 4265 1322 4366 &ipsam
1333 4270 1450 4337 mentis
1456 4286 1561 4336 atten-

200 4366 336 4450 ,sionem
345 4357 482 4426 multum
494 4353 651 4458 infringit.

251 4456 348 4529 xil.
370 4453 534 4523 Interdum
547 4457 655 4524 evenit
664 4473 701 4522 ut
711 4449 921 4526 adolescentes
935 4450 1034 4551 usque
1046 4450 1286 4552 ad‘vi‘gefimum
1303 4477 1358 4526 aut
1370 4449 1567 4552 vigesimum

197 4558 360 4661 qtuntutn
376 4573 495 4618 annum
510 4543 578 4618 visu
593 4549 751 4617 donentur
761 4571 942 4648 temperato
957 4608 967 4639 ,
991 4573 1061 4622 turn
1074 4553 1096 4621 ii
1107 4554 1189 4622 inter
1204 4575 1339 4652 myopes
1359 4549 1553 4622 habeantur:

192 4663 296 4750 <ujus
317 4651 360 4716 rei
374 4645 499 4716 causam
516 4646 562 4714 D.
577 4640 656 4714 dela
675 4642 757 4741 Hir'e
772 4647 806 4714 in
828 4648 965 4716 vitreum
986 4645 1156 4716 humorem
1174 4669 1260 4719 certa
1283 4651 1405 4718 rarione
1425 4647 1560 4743 produo·

195 4773 276 4845 nam
288 4741 389 4851 resert
395 4798 414 4834 „
422 4739 513 4842 quod
523 4735 825 4847 musculi'paulatim
842 4738 1002 4843 crassiores
1013 4738 1093 4847 sassi
1110 4739 1471 4911 oculiglobumlfprtius
1484 4767 1568 4844 pre·-

987 4866 993 4877 ·
1394 4862 1421 4909 a
