3646 5430
292 291 355 392 ‚84
542 312 547 319 ·
610 290 800 368 nrern
864 284 1309 363 scri-:urrunnu

160 388 278 468 idum
296 408 437 487 quorum
446 390 597 461 extremis
610 412 749 487 quatuor
763 390 943 486 primorum
962 382 1213 473 musculorum,
1239 410 1324 484 quot
1346 379 1538 486 descripfit,
1559 384 1649 462 iraset²

161 505 251 588 1695.
298 489 402 557 tiones
417 483 578 555 collocat:
594 482 645 556 sed
664 505 773 556 tamen
785 505 922 571 eorum,
940 487 998 578 qui
1012 485 1096 552 circa
1107 477 1251 580 asperam
1267 485 1422 556 arteriam
1437 479 1653 575 revolvuntm,

298 584 474 677 genuinum
487 578 578 649 usum
591 583 736 677 agnovit.
763 583 896 651 Horum
907 578 1039 674 quidem
1054 600 1121 647 non
1142 581 1292 650 meminit
1309 581 1358 652 D.
1386 578 1561 668 Pertault,
1581 602 1653 676 quo·

298 699 371 743 rum
383 675 511 744 odilone
531 673 640 774 lingua
652 680 685 744 in
706 676 842 746 rostrum
865 672 1044 745 retrahitur.
1070 672 1194 743 Deinde
1231 695 1372 768 quatuor
1398 672 1529 744 Borelli
1545 676 1654 773 primo

296 765 412 864 linguat
426 766 585 842 musculos
602 768 662 841 ela
704 796 764 866 nge
784 768 934 855 deducit,
957 791 1098 862 quorum
1113 771 1194 838 duos
1210 773 1310 838 mittit
1329 769 1369 838 ad
1382 778 1580 844 extrema&
1593 765 1655 866 pul·

297 872 414 934 teriora
430 864 628 937 ramulorum
649 795 723 935 dds
744 865 896 963 hyoi'dis,
917 863 998 933 duos
1012 860 1152 956 reliquos
1169 865 1210 932 ad
1220 868 1396 934 anteriores
1408 862 1656 936 illorumcxtrr·

295 961 424 1028 mitates
433 1015 443 1045 ,
452 981 487 1030 ut
499 959 644 1059 linguam
658 984 810 1047 exerant,
825 968 857 1030 de
872 960 1024 1030 reducant
1041 991 1052 1046 3
1068 982 1136 1052 quo
1155 959 1286 1053 quidem
1299 959 1402 1028 modo
1425 963 1463 1027 in
1480 960 1605 1031 Borelli
1616 964 1654 1032 in·

296 1054 509 1123 commodum
523 1060 681 1141 incurrit,
697 1080 738 1126 eo
759 1055 890 1149 quidem
915 1078 967 1124 ma
990 1058 1044 1140 is,
1064 1052 1154 1149 quod
1177 1052 1281 1122 nullus
1301 1050 1513 1123 musculus&
1536 1054 1653 1154 larynge

296 1149 450 1245 prodeat,
466 1155 523 1245 qui
537 1155 570 1221 in
583 1149 725 1222 ramulos
736 1149 809 1222 ollio
824 1149 953 1247 hyo‘idis
966 1079 1094 1221 desinat.
1123 1147 1258 1219 Nullam
1277 1171 1415 1244 quoque
1430 1145 1654 1240 musculorum,

298 1241 416 1337 quibus
431 1244 540 1340 lingua
554 1247 618 1318 huc
634 1247 710 1317 illuc
723 1268 873 1317 movetur
889 1300 900 1332 ,
920 1250 1118 1317 mentionem
1143 1241 1290 1330 faciunt,
1307 1239 1361 1315 sed
1381 1266 1510 1314 eorum
1526 1266 1654 1318 tantum·

301 1337 401 1407 modo
414 1395 424 1425 ,
436 1345 492 1436 qui
504 1338 646 1439 linguam
658 1340 744 1413 foras
757 1364 911 1427 exerunt,
928 1348 962 1411 δι
975 1345 1060 1411 intur
1071 1336 1246 1410 retrahunt.

350 1437 398 1502 Hi
417 1459 496 1506 vero
509 1434 552 1507 lin
578 1463 623 1506 uae
637 1442 759 1536 proprii
780 1434 914 1506 musculi
935 1432 1024 1505 suam
1045 1434 1166 1504 ducunt
1184 1437 1343 1530 originem
1365 1435 1388 1506 ὲ
1408 1458 1506 1536 parte
1518 1438 1653 1508 anteriori

300 1531 501 1600 ramulorum
514 1463 585 1604 ollis
597 1532 747 1631 hyo'idis:
767 1528 927 1629 dfingulis
950 1530 1016 1600 duo
1034 1529 1192 1628 prodeunt
1214 1584 1226 1615 ,
1251 1534 1308 1625 qui
1328 1556 1450 1602 omnes
1477 1539 1516 1603 in
1536 1531 1655 1630 longun

302 1632 480 1695 &tenuem
498 1627 642 1699 desinunt
659 1630 822 1700 tendinem
846 1653 855 1698 z
879 1648 1018 1720 quatuor
1036 1625 1085 1697 illi
1118 1625 1261 1695 tendines
1289 1649 1411 1725 corpus
1440 1625 1522 1699 offis
1543 1626 1654 1727 hyoid‘u

300 1720 439 1816 amplexi
452 1723 491 1790 ad
507 1721 607 1794 basim
621 1721 745 1796 ossiculi
756 1724 871 1821 lingua
883 1717 1072 1794 inseruntur.
1102 1720 1244 1883 Qpndo
1257 1744 1371 1793 omnes
1385 1722 1425 1794 hi
1435 1721 1579 1795 musculi
1591 1748 1655 1795 oon·

300 1817 465 1909 junilima
490 1843 549 1890 unt
565 1877 576 1907 ,
590 1818 735 1919 linguam
747 1825 780 1891 in
792 1819 881 1888 redo
895 1814 953 1886 fitu
973 1814 1108 1914 positam
1121 1815 1155 1886 sti
1172 1836 1242 1886 unt.

353 1912 440 1981 Cum
453 1842 629 2011 ffiperiores
643 1912 776 1987 musculi
790 1910 1040 2001 contrahuntur,
1063 1909 1154 1982 srmul
1168 1910 1311 2006 linguam
1321 1909 1453 1983 sursum
1464 1937 1608 2002 movent,
1619 1939 1655 1992 rt

299 2004 467 2080 inferiores
491 2008 638 2083 deorsum
662 2035 675 2080 t
709 2007 760 2082 sed
780 2006 835 2080 ubi
854 2009 921 2077 duo
942 2009 1080 2078 musculi
1098 2031 1138 2078 ex
1160 2008 1274 2077 eodem
1292 2007 1398 2079 latere
1422 2003 1478 2078 fiti
1500 2013 1573 2082 viret
1589 2008 1653 2085 stas

301 2099 389 2197 quasi
410 2127 448 2172 ex
475 2101 627 2177 consensu
647 2127 801 2193 exerunt,
818 2100 1000 2173 alternatim
1021 2102 1110 2174 illam
1138 2109 1172 2173 in
1194 2125 1317 2199 partem
1337 2103 1497 2176 dextram
1514 2160 1528 2191 ,
1545 2129 1598 2178 tut
1618 2103 1656 2181 sr-

298 2196 431 2266 nisttam
447 2199 589 2272 trahunt.
608 2206 696 2275 Cum
706 2222 813 2271 autem
825 2221 862 2268 ex
877 2197 1026 2269 omnibus
1041 2194 1275 2294 musculis,qui
1285 2195 1435 2269 diversos
1455 2198 1577 2298 lingo:
1593 2228 1656 2275 mo·

299 2310 351 2361 tus
365 2287 532 2383 efficiunt,
544 2320 684 2391 quatuor
695 2297 848 2365 duntaxat
860 2291 1010 2393 postremi
1027 2290 1094 2365 suas
1109 2290 1247 2365 habeant
1265 2291 1465 2367 insertiones
1480 2351 1494 2383 ,
1507 2295 1657 2393 palamst

235 2421 239 2430 ·
286 2379 484 2476 musculos,
508 2397 566 2488 qui
586 2419 659 2468 eam
672 2392 880 2490 producunt,
901 2410 956 2459 aut
978 2392 1133 2461 reducunt
1154 2443 1165 2476 ,
1187 2390 1227 2460 ad
1244 2413 1344 2474 eam,
1371 2385 1397 2458 si
1423 2416 1493 2484 pro
1517 2392 1563 2462 rid
1644 2397 1652 2413 '

299 2479 470 2573 volumno,
485 2511 552 2557 non
568 2492 747 2588 pertinere,
763 2483 816 2557 sed
826 2486 867 2554 ad
888 2489 1061 2580 vaginam,
1086 2493 1119 2558 de
1141 2483 1280 2555 ramulos
1300 2480 1377 2555 ollis
1394 2417 1610 2574 hyo'r'dimli
1640 2494 1647 2508 '

300 2574 435 2649 musculi
455 2579 633 2655 inseruntur
653 2610 662 2655 :
681 2583 761 2653 adeo
774 2603 810 2650 ur
822 2601 930 2650 motus
947 2578 1063 2680 lingua
1077 2587 1160 2651 intra
1179 2579 1230 2650 vel
1249 2602 1337 2649 extra
1358 2581 1513 2653 rostrum
1536 2580 1653 2659 fintba·

298 2695 380 2836 turp
398 2679 543 2843 partiunp)
556 2683 703 2844 proprii,
716 2701 784 2748 non
806 2675 946 2773 lingoae,
964 2702 1043 2747 cum
1062 2681 1096 2748 in
1112 2697 1252 2772 utroque
1278 2696 1376 2744 motu
1398 2675 1525 2774 lingua
1538 2681 1654 2779 perstare

325 2792 346 2835 o
371 2790 397 2838 rt
417 2795 520 2839 mimo
545 2800 553 2843 1
569 2800 604 2846 rs.

300 2790 323 2864 P
343 2868 422 2960 Qo
438 2862 505 2939 hac
518 2868 645 2940 facilius
657 2865 792 2965 intelligi
806 2864 934 2965 poffint,
946 2893 1018 2942 eam
1028 2865 1163 2965 liguram
1171 2858 1302 2958 filbiecit
1316 2869 1364 2944 D.
1381 2869 1495 2968 Mery
1516 2873 1653 2946 ΛΑΜ

298 2958 459 3030 musculus
471 2966 515 3033 est
527 3022 537 3050 ,
551 2968 606 3060 qui
622 2965 666 3035 lin
691 2989 766 3034 uam
781 2985 867 3032 extra
884 2965 1021 3036 rostrum
1035 2962 1172 3064 profert.

346 3057 373 3122 B
384 3057 408 3122 B
436 3056 595 3129 musculus
608 2991 818 3157 quiiinguam
831 3063 915 3128 intra
928 3061 1065 3132 rostrum
1082 3054 1225 3132 retrahit.

301 3249 324 3323 b
346 3151 399 3236 C,
424 3153 574 3250 Lingua,
600 3165 635 3228 δι
660 3157 769 3226 dentes
785 3178 856 3224 non
877 3151 961 3226 bene
979 3156 1127 3228 delineari
1152 3177 1165 3222 ·.
1189 3177 1267 3226 nam
1282 3155 1469 3232 introrsum
1498 3158 1580 3236 desti
1594 3162 1649 3244 deq·

325 3270 392 3323 ent.
1387 3272 1389 3276 “

346 3352 401 3428 Ι),
427 3345 478 3414 Os
503 3343 654 3445 hyo'ides.
1017 3434 1019 3439 Ι

344 3448 370 3515 Ε
384 3494 394 3525 ,
411 3436 548 3512 Olieum
558 3440 759 3514 filamentum
771 3497 781 3528 ,
795 3437 848 3512 seu
867 3442 1008 3514 ramulus
1019 3447 1157 3514 anterior
1171 3443 1244 3517 offis
1257 3444 1403 3545 hyoidis,

290 3577 295 3591 =
345 3545 392 3623 F,
415 3532 553 3608 Offeum
572 3536 795 3625 filamentum,
818 3536 874 3609 seu
885 3536 1024 3611 ramulus
1039 3538 1195 3636 posterior
1205 3539 1276 3615 ollis
1293 3542 1456 3642 hyo'r'dis,
1480 3572 1575 3648 quem
1594 3550 1654 3649 dog

294 3632 389 3704 linea
408 3630 489 3702 albae
501 3633 679 3732 designant.

295 3823 317 3893 d
337 3736 376 3890 sG
388 3785 399 3815 ,
415 3729 509 3892 Unsur
524 3728 542 3800 ὲ
556 3754 696 3825 quatuor
708 3724 982 3828 musculislinguae
996 3732 1147 3831 propriis,
1156 3755 1254 3830 quem
1265 3738 1359 3834 nigra
1369 3735 1457 3812 linea
1471 3745 1507 3816 in
1517 3739 1653 3846 lmgm
1695 3754 1697 3779 ¹

318 3846 438 3892 emens
473 3851 482 3892 ι
507 3848 576 3897 nat.
1294 3880 1297 3885 -

345 3923 378 3987 Χ
392 3921 423 3988 1.
447 3850 505 3988 D}
512 3923 604 3990 variis
616 3944 749 4018 quoque
760 3920 950 3993 morborum
963 3924 1108 3994 remediis
1121 3978 1133 4010 ,
1145 3949 1220 3997 cum
1234 3926 1437 4015 identidem,
1451 3931 1654 4024 ordesano

295 4014 482 4101 incurreret,
497 4019 544 4088 D.
555 4014 729 4116 Homberg
742 4014 1004 4115 hypocondriaco
1023 4017 1139 4090 morbo
1152 4019 1317 4094 hominem
1328 4020 1484 4100 sanatum
1494 4036 1517 4102 a
1529 4030 1654 4123 sedir'r,

296 4105 392 4178 calcis
409 4112 488 4178 viva
505 4107 662 4181 beneficio
676 4117 710 4183 in
722 4115 794 4183 a'c're
806 4114 970 4186 extinetae:
988 4112 1056 4184 duae
1067 4112 1152 4186 illius
1163 4140 1263 4213 parter
1277 4142 1353 4188 cum
1366 4144 1434 4193 una
1451 4118 1652 4201 salitammo·

295 4207 379 4274 niaci
390 4201 643 4302 permiscentur,
660 4204 742 4277 dofis
754 4234 796 4279 ιο
805 4231 981 4304 granorum
997 4237 1007 4296 ς
1022 4206 1091 4280 calx
1103 4235 1161 4308 per
1172 4210 1350 4310 deliquium
1361 4211 1473 4291 soluta
1487 4226 1653 4325 inoerapo-

295 4302 410 4369 rientia
429 4301 641 4372 medicamina
653 4325 721 4372 non
737 4304 933 4400 postremum
951 4325 1038 4375 tenet
1051 4304 1178 4381 locum.

342 4400 389 4466 D.
401 4396 563 4465 Bouleduc
574 4392 818 4468 hemorrhoi'das
828 4392 1016 4471 sanaridirit
1026 4397 1405 4498 hyosciami,dtlinariae
1517 4439 1655 4492 cumn·

294 4489 402 4588 guillae
413 4491 606 4588 pinguedine
614 4491 653 4560 ad
670 4489 909 4590 ignemalsatae,
921 4496 1150 4588 cujusremedii
1160 4495 1302 4597 inseipso
1315 4509 1429 4599 pericu
1445 4471 1507 4581 tuti
1516 4510 1609 4587 fecit.

350 4592 397 4659 D.
414 4583 620 4657 Toumesort
634 4593 785 4684 anginam
804 4594 848 4663 ait
865 4596 972 4662 curari
984 4617 1041 4692 per
1053 4588 1264 4694 gargarismus
1275 4619 1359 4676 clun
1368 4608 1481 4681 muria
1493 4607 1653 4685 olivarm

294 4704 401 4777 quam
417 4675 612 4788 piosolioam
623 4689 790 4763 rorantia
803 4689 985 4786 Provincia,
1179 4690 1191 4702 '
