<?xml version="1.0" encoding="UTF-8"?>
<!DOCTYPE html PUBLIC "-//W3C//DTD XHTML 1.0 Transitional//EN"
    "http://www.w3.org/TR/xhtml1/DTD/xhtml1-transitional.dtd">
<html xmlns="http://www.w3.org/1999/xhtml" xml:lang="en" lang="en">
 <head>
  <title>
</title>
<meta http-equiv="Content-Type" content="text/html;charset=utf-8" />
  <meta name='ocr-system' content='tesseract 3.04.00' />
  <meta name='ocr-capabilities' content='ocr_page ocr_carea ocr_par ocr_line ocrx_word'/>
</head>
<body>
  <div class='ocr_page' id='page_1' title='image "./historia00hamegoog_0168.png"; bbox 0 0 3646 5430; ppageno 0'>
   <div class='ocr_carea' id='block_1_1' title="bbox 373 421 1544 527">
    <p class='ocr_par' dir='ltr' id='par_1_1' title="bbox 373 421 1544 527">
     <span class='ocr_line' id='line_1_1' title="bbox 373 421 1544 527; baseline 0.004 -27"><span class='ocrx_word' id='word_1_1' title='bbox 373 423 709 503; x_wconf 67' lang='lat' dir='ltr'><strong>actuum</strong></span> <span class='ocrx_word' id='word_1_2' title='bbox 779 421 1121 501; x_wconf 78' lang='lat' dir='ltr'><strong>HISTORIA.</strong></span> <span class='ocrx_word' id='word_1_3' title='bbox 1162 424 1297 502; x_wconf 68' lang='lat' dir='ltr'><strong>[mu.</strong></span> <span class='ocrx_word' id='word_1_4' title='bbox 1481 458 1544 527; x_wconf 85' lang='lat'><strong>147</strong></span> 
     </span>
    </p>
   </div>
   <div class='ocr_carea' id='block_1_2' title="bbox 172 516 1685 724">
    <p class='ocr_par' dir='ltr' id='par_1_2' title="bbox 172 516 1685 724">
     <span class='ocr_line' id='line_1_2' title="bbox 172 516 1685 618; baseline -0.01 -19"><span class='ocrx_word' id='word_1_5' title='bbox 172 549 280 613; x_wconf 78' lang='lat' dir='ltr'><strong>tamen</strong></span> <span class='ocrx_word' id='word_1_6' title='bbox 304 534 467 599; x_wconf 67' lang='lat' dir='ltr'><strong>(tantum</strong></span> <span class='ocrx_word' id='word_1_7' title='bbox 491 528 616 594; x_wconf 77' lang='lat' dir='ltr'><strong>minuta</strong></span> <span class='ocrx_word' id='word_1_8' title='bbox 638 524 731 594; x_wconf 89' lang='lat' dir='ltr'><strong>unius</strong></span> <span class='ocrx_word' id='word_1_9' title='bbox 747 516 912 618; x_wconf 80' lang='lat' dir='ltr'><strong>gradiuin</strong></span> <span class='ocrx_word' id='word_1_10' title='bbox 928 516 1014 594; x_wconf 83' lang='lat' dir='ltr'><strong>coelo</strong></span> <span class='ocrx_word' id='word_1_11' title='bbox 1027 521 1163 596; x_wconf 85' lang='lat' dir='ltr'><strong>Telesco</strong></span> <span class='ocrx_word' id='word_1_12' title='bbox 1187 529 1254 596; x_wconf 88' lang='lat' dir='ltr'><strong>ium</strong></span> <span class='ocrx_word' id='word_1_13' title='bbox 1276 521 1369 596; x_wconf 85' lang='lat' dir='ltr'><strong>fimul</strong></span> <span class='ocrx_word' id='word_1_14' title='bbox 1383 522 1544 603; x_wconf 78' lang='lat' dir='ltr'>exhibeat.</span> <span class='ocrx_word' id='word_1_15' title='bbox 1562 518 1685 611; x_wconf 72' lang='lat' dir='ltr'><strong>Astra.</strong></span> 
     </span>
     <span class='ocr_line' id='line_1_3' title="bbox 175 550 1650 724; baseline 0.003 -32"><span class='ocrx_word' id='word_1_16' title='bbox 175 617 315 724; x_wconf 75' lang='lat' dir='ltr'><strong>Qodii</strong></span> <span class='ocrx_word' id='word_1_17' title='bbox 341 626 387 693; x_wconf 78' lang='lat' dir='ltr'><strong>ita</strong></span> <span class='ocrx_word' id='word_1_18' title='bbox 412 649 461 697; x_wconf 77' lang='lat' dir='ltr'><strong>rer</strong></span> <span class='ocrx_word' id='word_1_19' title='bbox 478 617 510 696; x_wconf 88' lang='lat' dir='ltr'><strong>se</strong></span> <span class='ocrx_word' id='word_1_20' title='bbox 530 613 669 702; x_wconf 78' lang='lat' dir='ltr'><strong>habuit,</strong></span> <span class='ocrx_word' id='word_1_21' title='bbox 697 624 818 703; x_wconf 80' lang='lat' dir='ltr'><strong>vitrum</strong></span> <span class='ocrx_word' id='word_1_22' title='bbox 846 615 976 696; x_wconf 80' lang='lat' dir='ltr'><strong>oculare</strong></span> <span class='ocrx_word' id='word_1_23' title='bbox 991 642 1059 688; x_wconf 93' lang='lat' dir='ltr'><strong>non</strong></span> <span class='ocrx_word' id='word_1_24' title='bbox 1082 550 1221 719; x_wconf 85' lang='lat' dir='ltr'><strong>amplius</strong></span> <span class='ocrx_word' id='word_1_25' title='bbox 1247 644 1347 715; x_wconf 88' lang='lat' dir='ltr'><strong>quam</strong></span> <span class='ocrx_word' id='word_1_26' title='bbox 1370 619 1420 694; x_wconf 87' lang='lat' dir='ltr'><strong>sex</strong></span> <span class='ocrx_word' id='word_1_27' title='bbox 1445 620 1544 697; x_wconf 87' lang='lat' dir='ltr'><strong>lineas</strong></span> <span class='ocrx_word' id='word_1_28' title='bbox 1562 640 1650 690; x_wconf 68' lang='lat' dir='ltr'><strong>nvm-</strong></span> 
     </span>
    </p>
   </div>
   <div class='ocr_carea' id='block_1_3' title="bbox 173 710 1756 1178">
    <p class='ocr_par' dir='ltr' id='par_1_3' title="bbox 173 710 1756 1178">
     <span class='ocr_line' id='line_1_4' title="bbox 174 710 1545 824; baseline 0 -32"><span class='ocrx_word' id='word_1_29' title='bbox 174 721 300 824; x_wconf 85' lang='lat' dir='ltr'><strong>parebat</strong></span> <span class='ocrx_word' id='word_1_30' title='bbox 322 754 332 808; x_wconf 77' lang='lat'><em>3</em></span> <span class='ocrx_word' id='word_1_31' title='bbox 354 743 415 790; x_wconf 87' lang='lat' dir='ltr'><strong>nec</strong></span> <span class='ocrx_word' id='word_1_32' title='bbox 430 742 540 790; x_wconf 84' lang='lat' dir='ltr'><strong>tamen</strong></span> <span class='ocrx_word' id='word_1_33' title='bbox 565 710 733 786; x_wconf 80' lang='lat' dir='ltr'><strong>verihmile</strong></span> <span class='ocrx_word' id='word_1_34' title='bbox 766 713 810 784; x_wconf 88' lang='lat' dir='ltr'><strong>cst</strong></span> <span class='ocrx_word' id='word_1_35' title='bbox 842 715 983 785; x_wconf 82' lang='lat' dir='ltr'><strong>eruditos</strong></span> <span class='ocrx_word' id='word_1_36' title='bbox 1009 718 1097 785; x_wconf 88' lang='lat' dir='ltr'><strong>viros</strong></span> <span class='ocrx_word' id='word_1_37' title='bbox 1118 714 1247 790; x_wconf 87' lang='lat' dir='ltr'><strong>oculare</strong></span> <span class='ocrx_word' id='word_1_38' title='bbox 1265 718 1348 789; x_wconf 85' lang='lat' dir='ltr'><strong>adeo</strong></span> <span class='ocrx_word' id='word_1_39' title='bbox 1375 720 1545 816; x_wconf 84' lang='lat' dir='ltr'><strong>angustum</strong></span> 
     </span>
     <span class='ocr_line' id='line_1_5' title="bbox 173 806 1546 913; baseline 0.001 -28"><span class='ocrx_word' id='word_1_40' title='bbox 173 815 355 895; x_wconf 73' lang='lat' dir='ltr'><strong>adhibuisse.</strong></span> <span class='ocrx_word' id='word_1_41' title='bbox 381 818 473 909; x_wconf 80' lang='lat' dir='ltr'><strong>Qun</strong></span> <span class='ocrx_word' id='word_1_42' title='bbox 489 822 523 888; x_wconf 77' lang='lat' dir='ltr'><strong>dt</strong></span> <span class='ocrx_word' id='word_1_43' title='bbox 538 817 574 884; x_wconf 82' lang='grc' dir='ltr'><strong>Ρ.</strong></span> <span class='ocrx_word' id='word_1_44' title='bbox 589 811 721 882; x_wconf 88' lang='lat' dir='ltr'><strong>Goudin</strong></span> <span class='ocrx_word' id='word_1_45' title='bbox 737 810 906 885; x_wconf 68' lang='lat' dir='ltr'><strong>iaculans</strong></span> <span class='ocrx_word' id='word_1_46' title='bbox 927 806 1106 886; x_wconf 78' lang='lat' dir='ltr'><strong>Parifiensis</strong></span> <span class='ocrx_word' id='word_1_47' title='bbox 1121 810 1203 884; x_wconf 88' lang='lat' dir='ltr'><strong>olim</strong></span> <span class='ocrx_word' id='word_1_48' title='bbox 1230 811 1421 913; x_wconf 82' lang='lat' dir='ltr'><strong>Theologur</strong></span> <span class='ocrx_word' id='word_1_49' title='bbox 1451 818 1546 886; x_wconf 85' lang='lat' dir='ltr'><strong>tella-</strong></span> 
     </span>
     <span class='ocr_line' id='line_1_6' title="bbox 174 906 1546 1008; baseline -0.005 -20"><span class='ocrx_word' id='word_1_50' title='bbox 174 908 321 995; x_wconf 81' lang='lat' dir='ltr'><strong>rusestse</strong></span> <span class='ocrx_word' id='word_1_51' title='bbox 342 915 381 983; x_wconf 85' lang='lat' dir='ltr'><strong>iis</strong></span> <span class='ocrx_word' id='word_1_52' title='bbox 396 908 510 987; x_wconf 64' lang='lat' dir='ltr'><strong>misse</strong></span> <span class='ocrx_word' id='word_1_53' title='bbox 524 906 665 982; x_wconf 81' lang='lat' dir='ltr'><strong>ocularia</strong></span> <span class='ocrx_word' id='word_1_54' title='bbox 679 931 745 984; x_wconf 88' lang='lat' dir='ltr'><strong>non</strong></span> <span class='ocrx_word' id='word_1_55' title='bbox 758 911 886 978; x_wconf 87' lang='lat' dir='ltr'><strong>minora</strong></span> <span class='ocrx_word' id='word_1_56' title='bbox 897 911 931 980; x_wconf 83' lang='lat'><strong>18</strong></span> <span class='ocrx_word' id='word_1_57' title='bbox 953 906 1066 995; x_wconf 84' lang='lat' dir='ltr'><strong>lineis,</strong></span> <span class='ocrx_word' id='word_1_58' title='bbox 1084 933 1156 1005; x_wconf 84' lang='lat' dir='ltr'><strong>quae</strong></span> <span class='ocrx_word' id='word_1_59' title='bbox 1178 938 1212 1008; x_wconf 82' lang='lat'><strong>35</strong></span> <span class='ocrx_word' id='word_1_60' title='bbox 1227 915 1351 981; x_wconf 86' lang='lat' dir='ltr'><strong>minuta</strong></span> <span class='ocrx_word' id='word_1_61' title='bbox 1373 917 1406 980; x_wconf 90' lang='lat' dir='ltr'><strong>in</strong></span> <span class='ocrx_word' id='word_1_62' title='bbox 1433 909 1546 981; x_wconf 85' lang='lat' dir='ltr'><strong>Teles-</strong></span> 
     </span>
     <span class='ocr_line' id='line_1_7' title="bbox 173 1001 1756 1178; baseline -0.001 -96"><span class='ocrx_word' id='word_1_63' title='bbox 173 1014 269 1178; x_wconf 89' lang='lat' dir='ltr'><strong>copio</strong></span> <span class='ocrx_word' id='word_1_64' title='bbox 285 1037 323 1096; x_wconf 73' lang='lat'><strong>23</strong></span> <span class='ocrx_word' id='word_1_65' title='bbox 341 1011 462 1106; x_wconf 84' lang='lat' dir='ltr'><strong>pedum</strong></span> <span class='ocrx_word' id='word_1_66' title='bbox 480 1005 556 1077; x_wconf 93' lang='lat' dir='ltr'><strong>hinc</strong></span> <span class='ocrx_word' id='word_1_67' title='bbox 572 1003 645 1077; x_wconf 86' lang='lat' dir='ltr'><strong>inde</strong></span> <span class='ocrx_word' id='word_1_68' title='bbox 659 1004 823 1098; x_wconf 76' lang='lat' dir='ltr'><strong>detegunt.</strong></span> <span class='ocrx_word' id='word_1_69' title='bbox 849 1001 933 1074; x_wconf 85' lang='lat' dir='ltr'><strong>lllud</strong></span> <span class='ocrx_word' id='word_1_70' title='bbox 954 1009 1054 1076; x_wconf 84' lang='lat' dir='ltr'><strong>etiam</strong></span> <span class='ocrx_word' id='word_1_71' title='bbox 1072 1028 1109 1076; x_wconf 92' lang='lat' dir='ltr'><strong>ut</strong></span> <span class='ocrx_word' id='word_1_72' title='bbox 1122 1030 1246 1080; x_wconf 90' lang='lat' dir='ltr'><strong>certum</strong></span> <span class='ocrx_word' id='word_1_73' title='bbox 1269 1003 1402 1101; x_wconf 80' lang='lat' dir='ltr'>posuere</span> <span class='ocrx_word' id='word_1_74' title='bbox 1422 1006 1547 1080; x_wconf 88' lang='lat' dir='ltr'><strong>easdem</strong></span> <span class='ocrx_word' id='word_1_75' title='bbox 1721 1032 1756 1109; x_wconf 59' lang='grc' dir='ltr'><strong><em>ρ</em></strong></span> 
     </span>
    </p>
   </div>
   <div class='ocr_carea' id='block_1_4' title="bbox 142 1097 1654 4864">
    <p class='ocr_par' dir='ltr' id='par_1_4' title="bbox 171 1097 1549 1282">
     <span class='ocr_line' id='line_1_8' title="bbox 173 1097 1549 1280; baseline 0.001 -106"><span class='ocrx_word' id='word_1_76' title='bbox 173 1101 369 1280; x_wconf 42' lang='lat' dir='ltr'><strong>uffingas</strong></span> <span class='ocrx_word' id='word_1_77' title='bbox 387 1099 483 1175; x_wconf 80' lang='lat' dir='ltr'><strong>fuisse</strong></span> <span class='ocrx_word' id='word_1_78' title='bbox 503 1103 556 1174; x_wconf 89' lang='lat' dir='ltr'><strong>die</strong></span> <span class='ocrx_word' id='word_1_79' title='bbox 577 1118 611 1173; x_wconf 82' lang='lat'><strong>16</strong></span> <span class='ocrx_word' id='word_1_80' title='bbox 636 1099 716 1199; x_wconf 89' lang='lat' dir='ltr'><strong>Julii</strong></span> <span class='ocrx_word' id='word_1_81' title='bbox 730 1108 763 1174; x_wconf 72' lang='lat' dir='ltr'><strong>bt</strong></span> <span class='ocrx_word' id='word_1_82' title='bbox 788 1123 818 1193; x_wconf 69' lang='lat'><strong>31</strong></span> <span class='ocrx_word' id='word_1_83' title='bbox 849 1097 1033 1190; x_wconf 73' lang='lat' dir='ltr'><strong>octobris,</strong></span> <span class='ocrx_word' id='word_1_84' title='bbox 1060 1126 1132 1198; x_wconf 80' lang='lat' dir='ltr'><strong>quae</strong></span> <span class='ocrx_word' id='word_1_85' title='bbox 1153 1103 1247 1203; x_wconf 78' lang='lat' dir='ltr'><strong>plane</strong></span> <span class='ocrx_word' id='word_1_86' title='bbox 1269 1101 1398 1174; x_wconf 82' lang='lat' dir='ltr'><strong>diversae</strong></span> <span class='ocrx_word' id='word_1_87' title='bbox 1414 1106 1435 1175; x_wconf 82' lang='lat' dir='ltr'><strong>al</strong></span> <span class='ocrx_word' id='word_1_88' title='bbox 1454 1109 1549 1203; x_wconf 89' lang='lat' dir='ltr'><strong>ptio-</strong></span> 
     </span>
     <span class='ocr_line' id='line_1_9' title="bbox 171 1220 540 1282; baseline 0.008 -13"><span class='ocrx_word' id='word_1_89' title='bbox 171 1228 197 1282; x_wconf 74' lang='grc' dir='ltr'><strong>ῃ</strong></span> <span class='ocrx_word' id='word_1_90' title='bbox 397 1220 540 1275; x_wconf 71' lang='lat' dir='ltr'><strong>tutruut.</strong></span> 
     </span>
    </p>

    <p class='ocr_par' dir='ltr' id='par_1_5' title="bbox 170 1225 1547 1681">
     <span class='ocr_line' id='line_1_10' title="bbox 219 1225 1546 1392; baseline -0.001 -25"><span class='ocrx_word' id='word_1_91' title='bbox 219 1296 311 1368; x_wconf 91' lang='lat' dir='ltr'><strong>lllud</strong></span> <span class='ocrx_word' id='word_1_92' title='bbox 325 1225 421 1364; x_wconf 68' lang='lat' dir='ltr'><strong>ultim</strong></span> <span class='ocrx_word' id='word_1_93' title='bbox 439 1294 564 1364; x_wconf 85' lang='lat' dir='ltr'><strong>constat</strong></span> <span class='ocrx_word' id='word_1_94' title='bbox 575 1293 697 1364; x_wconf 88' lang='lat' dir='ltr'><strong>stellam</strong></span> <span class='ocrx_word' id='word_1_95' title='bbox 718 1295 844 1392; x_wconf 86' lang='lat' dir='ltr'><strong>longius</strong></span> <span class='ocrx_word' id='word_1_96' title='bbox 857 1293 877 1366; x_wconf 73' lang='lat' dir='ltr'><strong>h</strong></span> <span class='ocrx_word' id='word_1_97' title='bbox 890 1296 1032 1369; x_wconf 83' lang='lat' dir='ltr'><strong>Saturno</strong></span> <span class='ocrx_word' id='word_1_98' title='bbox 1044 1293 1181 1369; x_wconf 84' lang='lat' dir='ltr'><strong>dillitam</strong></span> <span class='ocrx_word' id='word_1_99' title='bbox 1198 1322 1265 1368; x_wconf 91' lang='lat' dir='ltr'><strong>non</strong></span> <span class='ocrx_word' id='word_1_100' title='bbox 1282 1294 1374 1369; x_wconf 78' lang='lat' dir='ltr'><strong>luisse</strong></span> <span class='ocrx_word' id='word_1_101' title='bbox 1386 1300 1546 1369; x_wconf 88' lang='lat' dir='ltr'><strong>extimum</strong></span> 
     </span>
     <span class='ocr_line' id='line_1_11' title="bbox 170 1390 1547 1582; baseline 0 -20"><span class='ocrx_word' id='word_1_102' title='bbox 170 1390 1547 1582; x_wconf 43' lang='lat' dir='ltr'><strong>sewini?{elffiillsshisiss31¹5„Pilaiffil&#39;ffilhffil&#39;?illisi</strong></span> 
     </span>
     <span class='ocr_line' id='line_1_12' title="bbox 172 1545 1250 1681; baseline -0.011 -20"><span class='ocrx_word' id='word_1_103' title='bbox 172 1590 299 1666; x_wconf 81' lang='lat' dir='ltr'><strong>triennii</strong></span> <span class='ocrx_word' id='word_1_104' title='bbox 313 1545 417 1681; x_wconf 73' lang='lat' dir='ltr'><strong>spritio</strong></span> <span class='ocrx_word' id='word_1_105' title='bbox 430 1608 531 1658; x_wconf 89' lang='lat' dir='ltr'><strong>unum</strong></span> <span class='ocrx_word' id='word_1_106' title='bbox 545 1606 673 1656; x_wconf 83' lang='lat' dir='ltr'><strong>tantum</strong></span> <span class='ocrx_word' id='word_1_107' title='bbox 686 1584 771 1655; x_wconf 90' lang='lat' dir='ltr'><strong>diem</strong></span> <span class='ocrx_word' id='word_1_108' title='bbox 792 1607 867 1655; x_wconf 93' lang='lat' dir='ltr'><strong>cum</strong></span> <span class='ocrx_word' id='word_1_109' title='bbox 881 1579 1003 1655; x_wconf 82' lang='lat' dir='ltr'><strong>semisse</strong></span> <span class='ocrx_word' id='word_1_110' title='bbox 1016 1590 1250 1681; x_wconf 72' lang='lat' dir='ltr'><strong>anticipaverit.</strong></span> 
     </span>
    </p>

    <p class='ocr_par' dir='ltr' id='par_1_6' title="bbox 165 1678 1545 2264">
     <span class='ocr_line' id='line_1_13' title="bbox 226 1678 1545 1778; baseline 0.002 -23"><span class='ocrx_word' id='word_1_111' title='bbox 226 1690 267 1757; x_wconf 84' lang='lat' dir='ltr'><strong>V.</strong></span> <span class='ocrx_word' id='word_1_112' title='bbox 294 1685 361 1755; x_wconf 87' lang='lat' dir='ltr'><strong>Dic</strong></span> <span class='ocrx_word' id='word_1_113' title='bbox 381 1709 425 1753; x_wconf 83' lang='lat'><strong>20</strong></span> <span class='ocrx_word' id='word_1_114' title='bbox 440 1682 551 1751; x_wconf 80' lang='lat' dir='ltr'><strong>Martii</strong></span> <span class='ocrx_word' id='word_1_115' title='bbox 568 1685 734 1772; x_wconf 78' lang='lat' dir='ltr'><strong>anni1⁶75</strong></span> <span class='ocrx_word' id='word_1_116' title='bbox 753 1681 1115 1755; x_wconf 79' lang='lat' dir='ltr'><strong>novainveniendarum</strong></span> <span class='ocrx_word' id='word_1_117' title='bbox 1143 1678 1382 1778; x_wconf 74' lang='lat' dir='ltr'><strong>longitudinum</strong></span> <span class='ocrx_word' id='word_1_118' title='bbox 1410 1688 1492 1756; x_wconf 81' lang='lat' dir='ltr'><strong>ratio</strong></span> <span class='ocrx_word' id='word_1_119' title='bbox 1521 1686 1545 1757; x_wconf 79' lang='lat' dir='ltr'><strong>d</strong></span> 
     </span>
     <span class='ocr_line' id='line_1_14' title="bbox 167 1771 1545 1874; baseline -0.001 -19"><span class='ocrx_word' id='word_1_120' title='bbox 167 1777 272 1855; x_wconf 80' lang='lat' dir='ltr'><strong>nobili</strong></span> <span class='ocrx_word' id='word_1_121' title='bbox 286 1784 360 1852; x_wconf 85' lang='lat' dir='ltr'><strong>viro</strong></span> <span class='ocrx_word' id='word_1_122' title='bbox 379 1772 540 1874; x_wconf 77' lang='lat' dir='ltr'><strong>proposita</strong></span> <span class='ocrx_word' id='word_1_123' title='bbox 554 1774 641 1861; x_wconf 83' lang='lat' dir='ltr'><strong>fuir,</strong></span> <span class='ocrx_word' id='word_1_124' title='bbox 660 1785 693 1851; x_wconf 76' lang='grc' dir='ltr'><strong>δι</strong></span> <span class='ocrx_word' id='word_1_125' title='bbox 714 1771 941 1850; x_wconf 65' lang='lat' dir='ltr'><strong>distulisti).</strong></span> <span class='ocrx_word' id='word_1_126' title='bbox 962 1775 1179 1863; x_wconf 70' lang='lat' dir='ltr'><strong>Melino,</strong></span> <span class='ocrx_word' id='word_1_127' title='bbox 1199 1781 1314 1856; x_wconf 84' lang='lat' dir='ltr'><strong>Picatd</strong></span> <span class='ocrx_word' id='word_1_128' title='bbox 1326 1789 1360 1854; x_wconf 76' lang='grc' dir='ltr'><strong>δι</strong></span> <span class='ocrx_word' id='word_1_129' title='bbox 1372 1784 1545 1855; x_wconf 79' lang='lat' dir='ltr'><strong>Marione,</strong></span> 
     </span>
     <span class='ocr_line' id='line_1_15' title="bbox 165 1868 1543 1973; baseline -0.004 -22"><span class='ocrx_word' id='word_1_130' title='bbox 165 1883 203 1951; x_wconf 88' lang='lat' dir='ltr'><strong>ln</strong></span> <span class='ocrx_word' id='word_1_131' title='bbox 220 1879 320 1949; x_wconf 82' lang='lat' dir='ltr'><strong>variis</strong></span> <span class='ocrx_word' id='word_1_132' title='bbox 334 1897 411 1949; x_wconf 83' lang='lat' dir='ltr'><strong>cum</strong></span> <span class='ocrx_word' id='word_1_133' title='bbox 424 1897 466 1947; x_wconf 85' lang='lat' dir='ltr'><strong>eo</strong></span> <span class='ocrx_word' id='word_1_134' title='bbox 478 1872 653 1967; x_wconf 82' lang='lat' dir='ltr'><strong>colloquiis</strong></span> <span class='ocrx_word' id='word_1_135' title='bbox 668 1869 903 1973; x_wconf 79' lang='lat' dir='ltr'><strong>propositiones</strong></span> <span class='ocrx_word' id='word_1_136' title='bbox 920 1881 987 1968; x_wconf 86' lang='lat' dir='ltr'><strong>ejus</strong></span> <span class='ocrx_word' id='word_1_137' title='bbox 1008 1897 1084 1945; x_wconf 88' lang='lat' dir='ltr'><strong>cum</strong></span> <span class='ocrx_word' id='word_1_138' title='bbox 1106 1868 1259 1972; x_wconf 72' lang='lat' dir='ltr'><strong>response</strong></span> <span class='ocrx_word' id='word_1_139' title='bbox 1282 1880 1449 1970; x_wconf 83' lang='lat' dir='ltr'><strong>utrimque</strong></span> <span class='ocrx_word' id='word_1_140' title='bbox 1467 1872 1543 1946; x_wconf 76' lang='lat' dir='ltr'><strong>scri.</strong></span> 
     </span>
     <span class='ocr_line' id='line_1_16' title="bbox 166 1965 1542 2073; baseline 0 -31"><span class='ocrx_word' id='word_1_141' title='bbox 166 1978 229 2073; x_wconf 85' lang='lat' dir='ltr'><strong>ptis</strong></span> <span class='ocrx_word' id='word_1_142' title='bbox 245 1972 328 2041; x_wconf 80' lang='lat' dir='ltr'><strong>datae</strong></span> <span class='ocrx_word' id='word_1_143' title='bbox 342 2004 352 2057; x_wconf 81' lang='lat'>3</span> <span class='ocrx_word' id='word_1_144' title='bbox 365 1967 496 2040; x_wconf 84' lang='lat' dir='ltr'><strong>tandem</strong></span> <span class='ocrx_word' id='word_1_145' title='bbox 510 1969 685 2058; x_wconf 81' lang='lat' dir='ltr'><strong>judicatum</strong></span> <span class='ocrx_word' id='word_1_146' title='bbox 708 1968 792 2054; x_wconf 85' lang='lat' dir='ltr'><strong>fuit,</strong></span> <span class='ocrx_word' id='word_1_147' title='bbox 807 1971 911 2066; x_wconf 71' lang='lat' dir='ltr'><strong>quaed</strong></span> <span class='ocrx_word' id='word_1_148' title='bbox 929 1973 1003 2041; x_wconf 90' lang='lat' dir='ltr'><strong>viro</strong></span> <span class='ocrx_word' id='word_1_149' title='bbox 1017 1965 1131 2043; x_wconf 79' lang='lat' dir='ltr'><strong>clariis.</strong></span> <span class='ocrx_word' id='word_1_150' title='bbox 1152 1994 1242 2053; x_wconf 80' lang='lat' dir='ltr'><strong>etant</strong></span> <span class='ocrx_word' id='word_1_151' title='bbox 1261 1965 1449 2071; x_wconf 83' lang='lat' dir='ltr'><strong>proposita,</strong></span> <span class='ocrx_word' id='word_1_152' title='bbox 1466 1995 1542 2068; x_wconf 83' lang='lat' dir='ltr'><strong>par·</strong></span> 
     </span>
     <span class='ocr_line' id='line_1_17' title="bbox 167 2060 1545 2164; baseline 0.004 -30"><span class='ocrx_word' id='word_1_153' title='bbox 167 2075 227 2148; x_wconf 71' lang='lat' dir='ltr'><strong>rim</strong></span> <span class='ocrx_word' id='word_1_154' title='bbox 247 2065 438 2164; x_wconf 78' lang='lat' dir='ltr'><strong>pervulgata</strong></span> <span class='ocrx_word' id='word_1_155' title='bbox 454 2060 515 2135; x_wconf 84' lang='lat' dir='ltr'><strong>elle</strong></span> <span class='ocrx_word' id='word_1_156' title='bbox 538 2071 572 2136; x_wconf 82' lang='lat' dir='ltr'><strong>dr</strong></span> <span class='ocrx_word' id='word_1_157' title='bbox 586 2062 608 2133; x_wconf 75' lang='lat' dir='ltr'><strong>it</strong></span> <span class='ocrx_word' id='word_1_158' title='bbox 622 2068 740 2139; x_wconf 86' lang='lat' dir='ltr'><strong>Nautis</strong></span> <span class='ocrx_word' id='word_1_159' title='bbox 757 2063 905 2164; x_wconf 87' lang='lat' dir='ltr'><strong>usurpata</strong></span> <span class='ocrx_word' id='word_1_160' title='bbox 921 2124 932 2154; x_wconf 91' lang='lat'>,</span> <span class='ocrx_word' id='word_1_161' title='bbox 950 2069 1069 2164; x_wconf 85' lang='lat' dir='ltr'><strong>partim</strong></span> <span class='ocrx_word' id='word_1_162' title='bbox 1082 2066 1168 2163; x_wconf 77' lang='lat' dir='ltr'><strong>apud</strong></span> <span class='ocrx_word' id='word_1_163' title='bbox 1180 2068 1329 2139; x_wconf 78' lang='lat' dir='ltr'><strong>ausiores</strong></span> <span class='ocrx_word' id='word_1_164' title='bbox 1350 2071 1494 2163; x_wconf 86' lang='lat' dir='ltr'><strong>reperiri,</strong></span> <span class='ocrx_word' id='word_1_165' title='bbox 1508 2090 1545 2141; x_wconf 90' lang='lat' dir='ltr'><strong>ut</strong></span> 
     </span>
     <span class='ocr_line' id='line_1_18' title="bbox 166 2157 1475 2264; baseline 0.001 -27"><span class='ocrx_word' id='word_1_166' title='bbox 166 2165 253 2264; x_wconf 82' lang='lat' dir='ltr'><strong>apud</strong></span> <span class='ocrx_word' id='word_1_167' title='bbox 267 2166 434 2244; x_wconf 82' lang='lat' dir='ltr'><strong>Mecium,</strong></span> <span class='ocrx_word' id='word_1_168' title='bbox 451 2159 606 2231; x_wconf 82' lang='lat' dir='ltr'><strong>Sncllirun</strong></span> <span class='ocrx_word' id='word_1_169' title='bbox 620 2216 631 2247; x_wconf 91' lang='lat'>,</span> <span class='ocrx_word' id='word_1_170' title='bbox 647 2168 840 2251; x_wconf 81' lang='lat' dir='ltr'><strong>Stevinum,</strong></span> <span class='ocrx_word' id='word_1_171' title='bbox 859 2168 1002 2237; x_wconf 79' lang='lat' dir='ltr'><strong>&amp;variis</strong></span> <span class='ocrx_word' id='word_1_172' title='bbox 1018 2158 1181 2235; x_wconf 84' lang='lat' dir='ltr'><strong>erroribus</strong></span> <span class='ocrx_word' id='word_1_173' title='bbox 1195 2188 1232 2234; x_wconf 79' lang='lat' dir='ltr'><strong>ea</strong></span> <span class='ocrx_word' id='word_1_174' title='bbox 1250 2159 1311 2235; x_wconf 81' lang='lat' dir='ltr'><strong>elie</strong></span> <span class='ocrx_word' id='word_1_175' title='bbox 1322 2190 1359 2235; x_wconf 90' lang='lat' dir='ltr'><strong>cx</strong></span> <span class='ocrx_word' id='word_1_176' title='bbox 1383 2157 1475 2238; x_wconf 80' lang='lat' dir='ltr'><strong>ostra.</strong></span> 
     </span>
    </p>

    <p class='ocr_par' dir='ltr' id='par_1_7' title="bbox 170 2189 1544 2446">
     <span class='ocr_line' id='line_1_19' title="bbox 213 2189 1544 2362; baseline -0.001 -27"><span class='ocrx_word' id='word_1_177' title='bbox 213 2265 280 2336; x_wconf 87' lang='lat' dir='ltr'><strong>Die</strong></span> <span class='ocrx_word' id='word_1_178' title='bbox 295 2287 328 2342; x_wconf 75' lang='lat' dir='ltr'><strong>at</strong></span> <span class='ocrx_word' id='word_1_179' title='bbox 342 2260 436 2354; x_wconf 88' lang='lat' dir='ltr'><strong>Junii</strong></span> <span class='ocrx_word' id='word_1_180' title='bbox 453 2251 576 2352; x_wconf 79' lang='lat' dir='ltr'><strong>eclipsis</strong></span> <span class='ocrx_word' id='word_1_181' title='bbox 595 2257 679 2329; x_wconf 87' lang='lat' dir='ltr'><strong>Solis</strong></span> <span class='ocrx_word' id='word_1_182' title='bbox 709 2257 873 2332; x_wconf 86' lang='lat' dir='ltr'><strong>observata</strong></span> <span class='ocrx_word' id='word_1_183' title='bbox 887 2284 959 2356; x_wconf 82' lang='lat' dir='ltr'><strong>quae</strong></span> <span class='ocrx_word' id='word_1_184' title='bbox 972 2284 1011 2333; x_wconf 83' lang='lat' dir='ltr'><strong>ex</strong></span> <span class='ocrx_word' id='word_1_185' title='bbox 1027 2258 1160 2358; x_wconf 80' lang='lat' dir='ltr'><strong>epistola</strong></span> <span class='ocrx_word' id='word_1_186' title='bbox 1188 2265 1209 2331; x_wconf 66' lang='lat' dir='ltr'><strong>a</strong></span> <span class='ocrx_word' id='word_1_187' title='bbox 1235 2265 1279 2362; x_wconf 89' lang='lat' dir='ltr'>D</span> <span class='ocrx_word' id='word_1_188' title='bbox 1300 2189 1409 2332; x_wconf 77' lang='lat' dir='ltr'><strong>callet</strong></span> <span class='ocrx_word' id='word_1_189' title='bbox 1421 2259 1544 2361; x_wconf 80' lang='lat' dir='ltr'><strong>scripta</strong></span> 
     </span>
     <span class='ocr_line' id='line_1_20' title="bbox 170 2349 908 2446; baseline 0.005 -22"><span class='ocrx_word' id='word_1_190' title='bbox 170 2358 345 2433; x_wconf 75' lang='lat' dir='ltr'><strong>Arouione</strong></span> <span class='ocrx_word' id='word_1_191' title='bbox 363 2349 453 2426; x_wconf 79' lang='lat' dir='ltr'><strong>dtfiit</strong></span> <span class='ocrx_word' id='word_1_192' title='bbox 468 2351 548 2422; x_wconf 89' lang='lat' dir='ltr'><strong>hora</strong></span> <span class='ocrx_word' id='word_1_193' title='bbox 568 2378 608 2440; x_wconf 72' lang='grc' dir='ltr'><strong>ς,</strong></span> <span class='ocrx_word' id='word_1_194' title='bbox 635 2382 676 2426; x_wconf 82' lang='lat' dir='ltr'><strong>zo</strong></span> <span class='ocrx_word' id='word_1_195' title='bbox 696 2349 908 2446; x_wconf 84' lang='lat' dir='ltr'><strong>min.4olcc.</strong></span> 
     </span>
    </p>

    <p class='ocr_par' dir='ltr' id='par_1_8' title="bbox 166 2440 1634 3415">
     <span class='ocr_line' id='line_1_21' title="bbox 221 2440 1587 2544; baseline 0.001 -23"><span class='ocrx_word' id='word_1_196' title='bbox 221 2458 285 2522; x_wconf 81' lang='lat' dir='ltr'><strong>Vl·</strong></span> <span class='ocrx_word' id='word_1_197' title='bbox 326 2449 503 2539; x_wconf 75' lang='lat' dir='ltr'><strong>lnterjcdiis</strong></span> <span class='ocrx_word' id='word_1_198' title='bbox 516 2446 642 2544; x_wconf 84' lang='lat' dir='ltr'><strong>aliquot</strong></span> <span class='ocrx_word' id='word_1_199' title='bbox 659 2450 819 2521; x_wconf 85' lang='lat' dir='ltr'><strong>mensibus</strong></span> <span class='ocrx_word' id='word_1_200' title='bbox 846 2456 894 2523; x_wconf 90' lang='lat' dir='ltr'><strong>D.</strong></span> <span class='ocrx_word' id='word_1_201' title='bbox 908 2444 1028 2518; x_wconf 86' lang='lat' dir='ltr'><strong>Callini</strong></span> <span class='ocrx_word' id='word_1_202' title='bbox 1048 2443 1240 2542; x_wconf 85' lang='lat' dir='ltr'><strong>hypotheses</strong></span> <span class='ocrx_word' id='word_1_203' title='bbox 1263 2440 1331 2513; x_wconf 90' lang='lat' dir='ltr'><strong>suas</strong></span> <span class='ocrx_word' id='word_1_204' title='bbox 1360 2454 1445 2520; x_wconf 85' lang='lat' dir='ltr'><strong>circa</strong></span> <span class='ocrx_word' id='word_1_205' title='bbox 1468 2476 1541 2522; x_wconf 91' lang='lat' dir='ltr'><strong>mo·</strong></span> <span class='ocrx_word' id='word_1_206' title='bbox 1583 2525 1587 2534; x_wconf 69' lang='grc'><strong>,</strong></span> 
     </span>
     <span class='ocr_line' id='line_1_22' title="bbox 167 2541 1542 2643; baseline -0.009 -22"><span class='ocrx_word' id='word_1_207' title='bbox 167 2572 243 2627; x_wconf 86' lang='lat' dir='ltr'><strong>tum</strong></span> <span class='ocrx_word' id='word_1_208' title='bbox 268 2543 451 2617; x_wconf 78' lang='lat' dir='ltr'><strong>librationis</strong></span> <span class='ocrx_word' id='word_1_209' title='bbox 472 2547 563 2635; x_wconf 65' lang='lat' dir='ltr'><strong>Lerne</strong></span> <span class='ocrx_word' id='word_1_210' title='bbox 588 2543 767 2643; x_wconf 82' lang='lat' dir='ltr'><strong>proposuit.</strong></span> <span class='ocrx_word' id='word_1_211' title='bbox 793 2543 888 2615; x_wconf 82' lang='lat' dir='ltr'><strong>Illam</strong></span> <span class='ocrx_word' id='word_1_212' title='bbox 906 2566 1013 2616; x_wconf 82' lang='lat' dir='ltr'><strong>autern</strong></span> <span class='ocrx_word' id='word_1_213' title='bbox 1027 2541 1183 2612; x_wconf 81' lang='lat' dir='ltr'><strong>existimat</strong></span> <span class='ocrx_word' id='word_1_214' title='bbox 1197 2541 1325 2638; x_wconf 85' lang='lat' dir='ltr'><strong>prodire</strong></span> <span class='ocrx_word' id='word_1_215' title='bbox 1344 2566 1382 2612; x_wconf 88' lang='lat' dir='ltr'><strong>ex</strong></span> <span class='ocrx_word' id='word_1_216' title='bbox 1401 2569 1542 2643; x_wconf 88' lang='lat' dir='ltr'><strong>compo.</strong></span> 
     </span>
     <span class='ocr_line' id='line_1_23' title="bbox 171 2633 1543 2738; baseline -0.004 -23"><span class='ocrx_word' id='word_1_217' title='bbox 171 2644 291 2715; x_wconf 84' lang='lat' dir='ltr'><strong>sitione</strong></span> <span class='ocrx_word' id='word_1_218' title='bbox 305 2641 441 2710; x_wconf 89' lang='lat' dir='ltr'><strong>duorum</strong></span> <span class='ocrx_word' id='word_1_219' title='bbox 455 2662 603 2710; x_wconf 88' lang='lat' dir='ltr'><strong>motuum</strong></span> <span class='ocrx_word' id='word_1_220' title='bbox 621 2641 849 2727; x_wconf 85' lang='lat' dir='ltr'><strong>circularium,</strong></span> <span class='ocrx_word' id='word_1_221' title='bbox 863 2664 1008 2738; x_wconf 89' lang='lat' dir='ltr'><strong>quorum</strong></span> <span class='ocrx_word' id='word_1_222' title='bbox 1024 2661 1105 2709; x_wconf 84' lang='lat' dir='ltr'><strong>unus</strong></span> <span class='ocrx_word' id='word_1_223' title='bbox 1121 2637 1251 2731; x_wconf 82' lang='lat' dir='ltr'><strong>aequalis</strong></span> <span class='ocrx_word' id='word_1_224' title='bbox 1262 2636 1327 2722; x_wconf 86' lang='lat' dir='ltr'><strong>est,</strong></span> <span class='ocrx_word' id='word_1_225' title='bbox 1342 2633 1446 2736; x_wconf 82' lang='lat' dir='ltr'><strong>litque</strong></span> <span class='ocrx_word' id='word_1_226' title='bbox 1457 2647 1543 2712; x_wconf 81' lang='lat' dir='ltr'><strong>circa</strong></span> 
     </span>
     <span class='ocr_line' id='line_1_24' title="bbox 168 2731 1542 2839; baseline 0.002 -32"><span class='ocrx_word' id='word_1_227' title='bbox 168 2741 329 2839; x_wconf 80' lang='lat' dir='ltr'><strong>¹proprios</strong></span> <span class='ocrx_word' id='word_1_228' title='bbox 351 2737 437 2827; x_wconf 71' lang='lat' dir='ltr'><strong>Lune</strong></span> <span class='ocrx_word' id='word_1_229' title='bbox 459 2734 554 2834; x_wconf 87' lang='lat' dir='ltr'><strong>polos</strong></span> <span class='ocrx_word' id='word_1_230' title='bbox 579 2767 600 2826; x_wconf 91' lang='lat'>7</span> <span class='ocrx_word' id='word_1_231' title='bbox 625 2736 776 2834; x_wconf 85' lang='lat' dir='ltr'><strong>gradibus</strong></span> <span class='ocrx_word' id='word_1_232' title='bbox 795 2736 887 2836; x_wconf 84' lang='lat' dir='ltr'><strong>supra</strong></span> <span class='ocrx_word' id='word_1_233' title='bbox 909 2731 1231 2832; x_wconf 78' lang='lat' dir='ltr'><strong>planumEclipticae</strong></span> <span class='ocrx_word' id='word_1_234' title='bbox 1263 2731 1407 2809; x_wconf 82' lang='lat' dir='ltr'><strong>clevatos</strong></span> <span class='ocrx_word' id='word_1_235' title='bbox 1428 2772 1438 2827; x_wconf 83' lang='lat'>3</span> <span class='ocrx_word' id='word_1_236' title='bbox 1460 2737 1542 2810; x_wconf 89' lang='lat' dir='ltr'><strong>alter</strong></span> 
     </span>
     <span class='ocr_line' id='line_1_25' title="bbox 169 2827 1542 2932; baseline -0.001 -28"><span class='ocrx_word' id='word_1_237' title='bbox 169 2830 337 2928; x_wconf 73' lang='lat' dir='ltr'><strong>inaequalis</strong></span> <span class='ocrx_word' id='word_1_238' title='bbox 350 2835 432 2902; x_wconf 84' lang='lat' dir='ltr'><strong>circa</strong></span> <span class='ocrx_word' id='word_1_239' title='bbox 445 2857 538 2903; x_wconf 84' lang='lat' dir='ltr'><strong>axem</strong></span> <span class='ocrx_word' id='word_1_240' title='bbox 556 2834 850 2932; x_wconf 82' lang='lat' dir='ltr'><strong>perpendicularem</strong></span> <span class='ocrx_word' id='word_1_241' title='bbox 868 2834 988 2905; x_wconf 84' lang='lat' dir='ltr'><strong>Lunari</strong></span> <span class='ocrx_word' id='word_1_242' title='bbox 1005 2827 1118 2901; x_wconf 84' lang='lat' dir='ltr'><strong>orbitae</strong></span> <span class='ocrx_word' id='word_1_243' title='bbox 1132 2837 1218 2920; x_wconf 82' lang='lat' dir='ltr'><strong>juxta</strong></span> <span class='ocrx_word' id='word_1_244' title='bbox 1238 2831 1335 2901; x_wconf 86' lang='lat' dir='ltr'><strong>Lunae</strong></span> <span class='ocrx_word' id='word_1_245' title='bbox 1356 2827 1450 2928; x_wconf 85' lang='lat' dir='ltr'><strong>ipsius</strong></span> <span class='ocrx_word' id='word_1_246' title='bbox 1465 2852 1542 2903; x_wconf 86' lang='lat' dir='ltr'><strong>mo-</strong></span> 
     </span>
     <span class='ocr_line' id='line_1_26' title="bbox 170 2921 1540 3029; baseline -0.006 -25"><span class='ocrx_word' id='word_1_247' title='bbox 170 2955 242 3004; x_wconf 90' lang='lat' dir='ltr'><strong>tum</strong></span> <span class='ocrx_word' id='word_1_248' title='bbox 261 2953 318 3025; x_wconf 87' lang='lat' dir='ltr'><strong>ptr</strong></span> <span class='ocrx_word' id='word_1_249' title='bbox 335 2928 535 3013; x_wconf 83' lang='lat' dir='ltr'><strong>zodiacum,</strong></span> <span class='ocrx_word' id='word_1_250' title='bbox 552 2932 608 3022; x_wconf 89' lang='lat' dir='ltr'><strong>qui</strong></span> <span class='ocrx_word' id='word_1_251' title='bbox 622 2953 710 2998; x_wconf 85' lang='lat' dir='ltr'><strong>mera</strong></span> <span class='ocrx_word' id='word_1_252' title='bbox 724 2931 769 3001; x_wconf 82' lang='lat' dir='ltr'><strong>cst</strong></span> <span class='ocrx_word' id='word_1_253' title='bbox 784 2931 969 3029; x_wconf 75' lang='lat' dir='ltr'><strong>apparentia</strong></span> <span class='ocrx_word' id='word_1_254' title='bbox 987 2921 1138 2996; x_wconf 80' lang='lat' dir='ltr'><strong>resultans</strong></span> <span class='ocrx_word' id='word_1_255' title='bbox 1159 2947 1198 3000; x_wconf 78' lang='lat' dir='ltr'><strong>ex</strong></span> <span class='ocrx_word' id='word_1_256' title='bbox 1219 2933 1287 3017; x_wconf 78' lang='lat' dir='ltr'><strong>ejus</strong></span> <span class='ocrx_word' id='word_1_257' title='bbox 1304 2928 1467 3024; x_wconf 85' lang='lat' dir='ltr'><strong>periodica</strong></span> <span class='ocrx_word' id='word_1_258' title='bbox 1487 2953 1540 3001; x_wconf 93' lang='lat' dir='ltr'><strong>re.</strong></span> 
     </span>
     <span class='ocr_line' id='line_1_27' title="bbox 169 3018 1541 3121; baseline -0.002 -22"><span class='ocrx_word' id='word_1_259' title='bbox 169 3025 368 3109; x_wconf 86' lang='lat' dir='ltr'><strong>volutione,</strong></span> <span class='ocrx_word' id='word_1_260' title='bbox 389 3030 424 3096; x_wconf 90' lang='lat' dir='ltr'><strong>in</strong></span> <span class='ocrx_word' id='word_1_261' title='bbox 448 3049 512 3120; x_wconf 80' lang='lat' dir='ltr'><strong>qua</strong></span> <span class='ocrx_word' id='word_1_262' title='bbox 528 3027 626 3095; x_wconf 83' lang='lat' dir='ltr'><strong>Luuae</strong></span> <span class='ocrx_word' id='word_1_263' title='bbox 648 3027 712 3095; x_wconf 82' lang='lat' dir='ltr'><strong>axis</strong></span> <span class='ocrx_word' id='word_1_264' title='bbox 726 3028 813 3098; x_wconf 83' lang='lat' dir='ltr'><strong>circa</strong></span> <span class='ocrx_word' id='word_1_265' title='bbox 831 3049 930 3121; x_wconf 89' lang='lat' dir='ltr'><strong>quem</strong></span> <span class='ocrx_word' id='word_1_266' title='bbox 949 3018 986 3091; x_wconf 86' lang='lat' dir='ltr'><strong>fit</strong></span> <span class='ocrx_word' id='word_1_267' title='bbox 1006 3024 1094 3117; x_wconf 87' lang='lat' dir='ltr'><strong>prior</strong></span> <span class='ocrx_word' id='word_1_268' title='bbox 1112 3019 1275 3092; x_wconf 83' lang='lat' dir='ltr'><strong>revolutio</strong></span> <span class='ocrx_word' id='word_1_269' title='bbox 1299 3079 1310 3110; x_wconf 91' lang='lat'><strong>,</strong></span> <span class='ocrx_word' id='word_1_270' title='bbox 1343 3031 1379 3095; x_wconf 78' lang='grc' dir='ltr'><strong>δι</strong></span> <span class='ocrx_word' id='word_1_271' title='bbox 1413 3023 1541 3096; x_wconf 88' lang='lat' dir='ltr'><strong>colurus</strong></span> 
     </span>
     <span class='ocr_line' id='line_1_28' title="bbox 166 3114 1634 3219; baseline -0.002 -23"><span class='ocrx_word' id='word_1_272' title='bbox 166 3193 168 3196; x_wconf 83' lang='lat'>.</span> <span class='ocrx_word' id='word_1_273' title='bbox 192 3121 303 3192; x_wconf 78' lang='lat' dir='ltr'><strong>uidam</strong></span> <span class='ocrx_word' id='word_1_274' title='bbox 316 3120 417 3195; x_wconf 70' lang='lat' dir='ltr'><strong>luna</strong></span> <span class='ocrx_word' id='word_1_275' title='bbox 435 3124 607 3219; x_wconf 85' lang='lat' dir='ltr'><strong>proprius,</strong></span> <span class='ocrx_word' id='word_1_276' title='bbox 620 3123 675 3216; x_wconf 87' lang='lat' dir='ltr'><strong>qui</strong></span> <span class='ocrx_word' id='word_1_277' title='bbox 688 3123 722 3193; x_wconf 91' lang='lat' dir='ltr'><strong>iu</strong></span> <span class='ocrx_word' id='word_1_278' title='bbox 743 3126 887 3195; x_wconf 84' lang='lat' dir='ltr'><strong>termino</strong></span> <span class='ocrx_word' id='word_1_279' title='bbox 903 3121 1014 3218; x_wconf 67' lang='lat' dir='ltr'><strong>prima</strong></span> <span class='ocrx_word' id='word_1_280' title='bbox 1027 3114 1239 3188; x_wconf 86' lang='lat' dir='ltr'><strong>revolutionis</strong></span> <span class='ocrx_word' id='word_1_281' title='bbox 1256 3114 1412 3207; x_wconf 87' lang='lat' dir='ltr'><strong>sumitur,</strong></span> <span class='ocrx_word' id='word_1_282' title='bbox 1438 3119 1540 3193; x_wconf 75' lang='lat' dir='ltr'><strong>seruit</strong></span> <span class='ocrx_word' id='word_1_283' title='bbox 1632 3150 1634 3155; x_wconf 91' lang='lat'>·</span> 
     </span>
     <span class='ocr_line' id='line_1_29' title="bbox 168 3149 1539 3314; baseline -0.001 -24"><span class='ocrx_word' id='word_1_284' title='bbox 168 3149 224 3290; x_wconf 69' lang='lat' dir='ltr'><strong>irbi</strong></span> <span class='ocrx_word' id='word_1_285' title='bbox 249 3215 440 3312; x_wconf 82' lang='lat' dir='ltr'><strong>parallelus,</strong></span> <span class='ocrx_word' id='word_1_286' title='bbox 487 3216 737 3286; x_wconf 79' lang='lat' dir='ltr'><strong>uemadmodum</strong></span> <span class='ocrx_word' id='word_1_287' title='bbox 760 3223 828 3288; x_wconf 84' lang='lat' dir='ltr'><strong>axis</strong></span> <span class='ocrx_word' id='word_1_288' title='bbox 843 3240 932 3289; x_wconf 81' lang='lat' dir='ltr'><strong>terrae</strong></span> <span class='ocrx_word' id='word_1_289' title='bbox 950 3239 1043 3287; x_wconf 87' lang='lat' dir='ltr'><strong>motu</strong></span> <span class='ocrx_word' id='word_1_290' title='bbox 1058 3236 1170 3285; x_wconf 83' lang='lat' dir='ltr'><strong>annuo</strong></span> <span class='ocrx_word' id='word_1_291' title='bbox 1181 3221 1268 3306; x_wconf 77' lang='lat' dir='ltr'><strong>juxta</strong></span> <span class='ocrx_word' id='word_1_292' title='bbox 1284 3217 1463 3314; x_wconf 87' lang='lat' dir='ltr'><strong>Copernici</strong></span> <span class='ocrx_word' id='word_1_293' title='bbox 1476 3216 1539 3314; x_wconf 85' lang='lat' dir='ltr'><strong>hy·</strong></span> 
     </span>
     <span class='ocr_line' id='line_1_30' title="bbox 169 3241 1540 3415; baseline 0 -31"><span class='ocrx_word' id='word_1_294' title='bbox 169 3308 342 3415; x_wconf 87' lang='lat' dir='ltr'><strong>pothcsrm.</strong></span> <span class='ocrx_word' id='word_1_295' title='bbox 381 3241 485 3385; x_wconf 74' lang='lat' dir='ltr'><strong>Simvll</strong></span> <span class='ocrx_word' id='word_1_296' title='bbox 504 3335 574 3408; x_wconf 78' lang='lat' dir='ltr'><strong>quae</strong></span> <span class='ocrx_word' id='word_1_297' title='bbox 600 3318 634 3381; x_wconf 91' lang='lat' dir='ltr'><strong>in</strong></span> <span class='ocrx_word' id='word_1_298' title='bbox 647 3313 743 3407; x_wconf 86' lang='lat' dir='ltr'><strong>Jovis</strong></span> <span class='ocrx_word' id='word_1_299' title='bbox 768 3312 904 3386; x_wconf 76' lang='lat' dir='ltr'><strong>uinculis</strong></span> <span class='ocrx_word' id='word_1_300' title='bbox 927 3316 1124 3387; x_wconf 78' lang='lat' dir='ltr'><strong>mutationes</strong></span> <span class='ocrx_word' id='word_1_301' title='bbox 1141 3308 1213 3383; x_wconf 75' lang='lat' dir='ltr'><strong>vise</strong></span> <span class='ocrx_word' id='word_1_302' title='bbox 1226 3306 1320 3400; x_wconf 80' lang='lat' dir='ltr'><strong>sture,</strong></span> <span class='ocrx_word' id='word_1_303' title='bbox 1348 3335 1386 3385; x_wconf 80' lang='lat' dir='ltr'><strong>ac</strong></span> <span class='ocrx_word' id='word_1_304' title='bbox 1407 3314 1540 3394; x_wconf 86' lang='lat' dir='ltr'><strong>demum</strong></span> 
     </span>
    </p>

    <p class='ocr_par' dir='ltr' id='par_1_9' title="bbox 164 3403 1654 3602">
     <span class='ocr_line' id='line_1_31' title="bbox 192 3403 1654 3508; baseline 0 -27"><span class='ocrx_word' id='word_1_305' title='bbox 192 3412 342 3487; x_wconf 81' lang='lat' dir='ltr'><strong>uaeeirea</strong></span> <span class='ocrx_word' id='word_1_306' title='bbox 357 3412 533 3482; x_wconf 75' lang='lat' dir='ltr'><strong>Saturnum</strong></span> <span class='ocrx_word' id='word_1_307' title='bbox 552 3417 585 3479; x_wconf 77' lang='grc' dir='ltr'><strong>δι</strong></span> <span class='ocrx_word' id='word_1_308' title='bbox 604 3406 689 3480; x_wconf 91' lang='lat' dir='ltr'><strong>illius</strong></span> <span class='ocrx_word' id='word_1_309' title='bbox 709 3403 729 3478; x_wconf 90' lang='lat' dir='ltr'><strong>s</strong></span> <span class='ocrx_word' id='word_1_310' title='bbox 740 3406 939 3483; x_wconf 85' lang='lat' dir='ltr'><strong>tclliressunt</strong></span> <span class='ocrx_word' id='word_1_311' title='bbox 959 3407 1151 3495; x_wconf 83' lang='lat' dir='ltr'><strong>observata,</strong></span> <span class='ocrx_word' id='word_1_312' title='bbox 1174 3405 1332 3504; x_wconf 82' lang='lat' dir='ltr'><strong>exposuit.</strong></span> <span class='ocrx_word' id='word_1_313' title='bbox 1368 3415 1541 3508; x_wconf 68' lang='lat' dir='ltr'><strong>Quacum</strong></span> <span class='ocrx_word' id='word_1_314' title='bbox 1648 3481 1654 3487; x_wconf 85' lang='grc'><strong>,</strong></span> 
     </span>
     <span class='ocr_line' id='line_1_32' title="bbox 164 3437 1304 3602; baseline -0.01 -21"><span class='ocrx_word' id='word_1_315' title='bbox 164 3437 294 3601; x_wconf 79' lang='lat' dir='ltr'><strong>leripris</strong></span> <span class='ocrx_word' id='word_1_316' title='bbox 309 3501 472 3602; x_wconf 79' lang='lat' dir='ltr'><strong>publicata</strong></span> <span class='ocrx_word' id='word_1_317' title='bbox 489 3500 627 3590; x_wconf 82' lang='lat' dir='ltr'><strong>fuerint,</strong></span> <span class='ocrx_word' id='word_1_318' title='bbox 641 3529 678 3574; x_wconf 85' lang='lat' dir='ltr'><strong>ea</strong></span> <span class='ocrx_word' id='word_1_319' title='bbox 695 3527 834 3578; x_wconf 81' lang='lat' dir='ltr'><strong>retexere</strong></span> <span class='ocrx_word' id='word_1_320' title='bbox 848 3503 1122 3601; x_wconf 79' lang='lat' dir='ltr'><strong>supervacaneum</strong></span> <span class='ocrx_word' id='word_1_321' title='bbox 1134 3504 1304 3575; x_wconf 80' lang='lat' dir='ltr'><strong>videretur.</strong></span> 
     </span>
    </p>

    <p class='ocr_par' dir='ltr' id='par_1_10' title="bbox 164 3596 1540 4253">
     <span class='ocr_line' id='line_1_33' title="bbox 219 3596 1539 3695; baseline -0.005 -23"><span class='ocrx_word' id='word_1_322' title='bbox 219 3605 301 3676; x_wconf 88' lang='lat' dir='ltr'><strong>Vll.</strong></span> <span class='ocrx_word' id='word_1_323' title='bbox 317 3604 360 3672; x_wconf 87' lang='lat' dir='ltr'><strong>llr</strong></span> <span class='ocrx_word' id='word_1_324' title='bbox 374 3601 510 3670; x_wconf 72' lang='lat' dir='ltr'><strong>minime</strong></span> <span class='ocrx_word' id='word_1_325' title='bbox 526 3598 702 3672; x_wconf 86' lang='lat' dir='ltr'><strong>omittenda</strong></span> <span class='ocrx_word' id='word_1_326' title='bbox 718 3599 797 3670; x_wconf 90' lang='lat' dir='ltr'><strong>mihi</strong></span> <span class='ocrx_word' id='word_1_327' title='bbox 814 3600 940 3670; x_wconf 86' lang='lat' dir='ltr'><strong>videtur</strong></span> <span class='ocrx_word' id='word_1_328' title='bbox 953 3621 1026 3694; x_wconf 75' lang='lat' dir='ltr'><strong>qun</strong></span> <span class='ocrx_word' id='word_1_329' title='bbox 1036 3597 1085 3665; x_wconf 92' lang='lat' dir='ltr'><strong>die</strong></span> <span class='ocrx_word' id='word_1_330' title='bbox 1138 3599 1199 3667; x_wconf 75' lang='lat' dir='ltr'><strong>&#39;rua</strong></span> <span class='ocrx_word' id='word_1_331' title='bbox 1207 3596 1357 3695; x_wconf 79' lang='lat' dir='ltr'><strong>Januarii</strong></span> <span class='ocrx_word' id='word_1_332' title='bbox 1367 3601 1444 3667; x_wconf 85' lang='lat' dir='ltr'><strong>anni</strong></span> <span class='ocrx_word' id='word_1_333' title='bbox 1457 3602 1539 3684; x_wconf 67' lang='lat'><strong>1476</strong></span> 
     </span>
     <span class='ocr_line' id='line_1_34' title="bbox 172 3687 1540 3793; baseline -0.004 -24"><span class='ocrx_word' id='word_1_334' title='bbox 172 3699 272 3770; x_wconf 82' lang='lat' dir='ltr'><strong>Lunae</strong></span> <span class='ocrx_word' id='word_1_335' title='bbox 291 3696 435 3770; x_wconf 75' lang='lat' dir='ltr'><strong>desistio</strong></span> <span class='ocrx_word' id='word_1_336' title='bbox 453 3693 517 3765; x_wconf 84' lang='lat' dir='ltr'><strong>visa</strong></span> <span class='ocrx_word' id='word_1_337' title='bbox 532 3697 575 3766; x_wconf 90' lang='lat' dir='ltr'><strong>rst</strong></span> <span class='ocrx_word' id='word_1_338' title='bbox 587 3755 596 3780; x_wconf 91' lang='lat'>‚</span> <span class='ocrx_word' id='word_1_339' title='bbox 610 3718 747 3793; x_wconf 88' lang='lat' dir='ltr'><strong>quaeque</strong></span> <span class='ocrx_word' id='word_1_340' title='bbox 764 3697 815 3766; x_wconf 88' lang='lat' dir='ltr'><strong>die</strong></span> <span class='ocrx_word' id='word_1_341' title='bbox 828 3723 854 3790; x_wconf 91' lang='lat'>4</span> <span class='ocrx_word' id='word_1_342' title='bbox 868 3691 1008 3787; x_wconf 81' lang='lat' dir='ltr'><strong>ejusdem</strong></span> <span class='ocrx_word' id='word_1_343' title='bbox 1021 3715 1071 3762; x_wconf 82' lang='lat' dir='ltr'><strong>rur</strong></span> <span class='ocrx_word' id='word_1_344' title='bbox 1121 3689 1167 3760; x_wconf 74' lang='lat' dir='ltr'><strong>sd</strong></span> <span class='ocrx_word' id='word_1_345' title='bbox 1189 3693 1234 3766; x_wconf 80' lang='lat' dir='ltr'><strong>l).</strong></span> <span class='ocrx_word' id='word_1_346' title='bbox 1251 3687 1372 3762; x_wconf 77' lang='lat' dir='ltr'><strong>Caslini</strong></span> <span class='ocrx_word' id='word_1_347' title='bbox 1385 3688 1540 3789; x_wconf 77' lang='lat' dir='ltr'><strong>descripta</strong></span> 
     </span>
     <span class='ocr_line' id='line_1_35' title="bbox 173 3785 1539 3890; baseline -0.007 -22"><span class='ocrx_word' id='word_1_348' title='bbox 173 3791 252 3868; x_wconf 74' lang='lat' dir='ltr'><strong>fiir.</strong></span> <span class='ocrx_word' id='word_1_349' title='bbox 271 3797 359 3867; x_wconf 74' lang='lat' dir='ltr'><strong>Tium</strong></span> <span class='ocrx_word' id='word_1_350' title='bbox 377 3789 569 3890; x_wconf 84' lang='lat' dir='ltr'><strong>hypotheses</strong></span> <span class='ocrx_word' id='word_1_351' title='bbox 583 3789 650 3862; x_wconf 87' lang='lat' dir='ltr'><strong>suas</strong></span> <span class='ocrx_word' id='word_1_352' title='bbox 663 3787 833 3888; x_wconf 83' lang='lat' dir='ltr'><strong>exposuit,</strong></span> <span class='ocrx_word' id='word_1_353' title='bbox 859 3789 976 3888; x_wconf 91' lang='lat' dir='ltr'><strong>quibus</strong></span> <span class='ocrx_word' id='word_1_354' title='bbox 991 3791 1087 3863; x_wconf 87' lang='lat' dir='ltr'><strong>Lunae</strong></span> <span class='ocrx_word' id='word_1_355' title='bbox 1110 3785 1131 3858; x_wconf 68' lang='lat' dir='ltr'><strong>d</strong></span> <span class='ocrx_word' id='word_1_356' title='bbox 1155 3812 1242 3864; x_wconf 79' lang='lat' dir='ltr'><strong>terra</strong></span> <span class='ocrx_word' id='word_1_357' title='bbox 1254 3786 1408 3860; x_wconf 79' lang='lat' dir='ltr'><strong>distantiae</strong></span> <span class='ocrx_word' id='word_1_358' title='bbox 1419 3797 1453 3862; x_wconf 78' lang='lat' dir='ltr'><strong>dr</strong></span> <span class='ocrx_word' id='word_1_359' title='bbox 1467 3789 1539 3860; x_wconf 78' lang='lat' dir='ltr'><strong>dia-</strong></span> 
     </span>
     <span class='ocr_line' id='line_1_36' title="bbox 174 3883 1540 3986; baseline -0.007 -26"><span class='ocrx_word' id='word_1_360' title='bbox 174 3911 352 3960; x_wconf 82' lang='lat' dir='ltr'><strong>metrorum</strong></span> <span class='ocrx_word' id='word_1_361' title='bbox 376 3895 599 3986; x_wconf 86' lang='lat' dir='ltr'><strong>apparentium</strong></span> <span class='ocrx_word' id='word_1_362' title='bbox 614 3888 813 3983; x_wconf 77' lang='lat' dir='ltr'><strong>inaequalitas</strong></span> <span class='ocrx_word' id='word_1_363' title='bbox 837 3885 1025 3986; x_wconf 80' lang='lat' dir='ltr'><strong>explicatur.</strong></span> <span class='ocrx_word' id='word_1_364' title='bbox 1073 3889 1139 3963; x_wconf 89' lang='lat' dir='ltr'><strong>Dle</strong></span> <span class='ocrx_word' id='word_1_365' title='bbox 1158 3912 1179 3963; x_wconf 77' lang='grc' dir='ltr'><strong><em>ι</em></strong></span> <span class='ocrx_word' id='word_1_366' title='bbox 1201 3887 1286 3957; x_wconf 87' lang='lat' dir='ltr'><strong>Maii</strong></span> <span class='ocrx_word' id='word_1_367' title='bbox 1308 3883 1465 3960; x_wconf 66' lang='lat' dir='ltr'><strong>machina</strong></span> <span class='ocrx_word' id='word_1_368' title='bbox 1485 3909 1540 3986; x_wconf 73' lang='lat' dir='ltr'><strong>tp.</strong></span> 
     </span>
     <span class='ocr_line' id='line_1_37' title="bbox 174 3980 1536 4083; baseline 0.003 -29"><span class='ocrx_word' id='word_1_369' title='bbox 174 4009 263 4081; x_wconf 82' lang='lat' dir='ltr'><strong>pum</strong></span> <span class='ocrx_word' id='word_1_370' title='bbox 284 3982 422 4055; x_wconf 79' lang='lat' dir='ltr'><strong>exhibuit</strong></span> <span class='ocrx_word' id='word_1_371' title='bbox 447 4040 458 4066; x_wconf 82' lang='lat'>,</span> <span class='ocrx_word' id='word_1_372' title='bbox 484 4009 554 4080; x_wconf 88' lang='lat' dir='ltr'><strong>quae</strong></span> <span class='ocrx_word' id='word_1_373' title='bbox 584 3987 681 4057; x_wconf 84' lang='lat' dir='ltr'><strong>Lunae</strong></span> <span class='ocrx_word' id='word_1_374' title='bbox 699 3981 907 4060; x_wconf 87' lang='lat' dir='ltr'><strong>librationem</strong></span> <span class='ocrx_word' id='word_1_375' title='bbox 932 4008 987 4083; x_wconf 84' lang='lat' dir='ltr'><strong>per</strong></span> <span class='ocrx_word' id='word_1_376' title='bbox 1012 4004 1141 4055; x_wconf 77' lang='lat' dir='ltr'><strong>ntorum</strong></span> <span class='ocrx_word' id='word_1_377' title='bbox 1162 3980 1351 4056; x_wconf 82' lang='lat' dir='ltr'><strong>circularem</strong></span> <span class='ocrx_word' id='word_1_378' title='bbox 1372 3988 1536 4082; x_wconf 81' lang='lat' dir='ltr'><strong>exprimit.</strong></span> 
     </span>
     <span class='ocr_line' id='line_1_38' title="bbox 170 4074 1538 4248; baseline 0 -97"><span class='ocrx_word' id='word_1_379' title='bbox 170 4081 379 4248; x_wconf 50' lang='lat' dir='ltr'><strong>gaudslpoll</strong></span> <span class='ocrx_word' id='word_1_380' title='bbox 395 4078 505 4153; x_wconf 86' lang='lat' dir='ltr'><strong>diebus</strong></span> <span class='ocrx_word' id='word_1_381' title='bbox 525 4078 775 4154; x_wconf 82' lang='lat' dir='ltr'><strong>dissertationem</strong></span> <span class='ocrx_word' id='word_1_382' title='bbox 785 4085 826 4157; x_wconf 91' lang='lat' dir='ltr'><strong>de</strong></span> <span class='ocrx_word' id='word_1_383' title='bbox 848 4087 946 4156; x_wconf 82' lang='lat' dir='ltr'><strong>Lurae</strong></span> <span class='ocrx_word' id='word_1_384' title='bbox 959 4079 1101 4155; x_wconf 80' lang='lat' dir='ltr'><strong>Theoria</strong></span> <span class='ocrx_word' id='word_1_385' title='bbox 1118 4079 1180 4154; x_wconf 74' lang='lat' dir='ltr'><strong>ase</strong></span> <span class='ocrx_word' id='word_1_386' title='bbox 1193 4074 1392 4152; x_wconf 84' lang='lat' dir='ltr'><strong>elaboratam</strong></span> <span class='ocrx_word' id='word_1_387' title='bbox 1405 4084 1439 4154; x_wconf 91' lang='lat' dir='ltr'><strong>in</strong></span> <span class='ocrx_word' id='word_1_388' title='bbox 1450 4083 1538 4152; x_wconf 77' lang='lat' dir='ltr'><strong>Aca.</strong></span> 
     </span>
     <span class='ocr_line' id='line_1_39' title="bbox 164 4199 380 4253; baseline -0.023 0"><span class='ocrx_word' id='word_1_389' title='bbox 164 4245 168 4253; x_wconf 89' lang='lat'><em>.</em></span> <span class='ocrx_word' id='word_1_390' title='bbox 191 4202 284 4249; x_wconf 84' lang='lat' dir='ltr'><strong>emra</strong></span> <span class='ocrx_word' id='word_1_391' title='bbox 361 4199 380 4248; x_wconf 87' lang='lat' dir='ltr'><strong>t·</strong></span> 
     </span>
    </p>

    <p class='ocr_par' dir='ltr' id='par_1_11' title="bbox 168 4200 1537 4661">
     <span class='ocr_line' id='line_1_40' title="bbox 233 4200 1537 4372; baseline -0.005 -27"><span class='ocrx_word' id='word_1_392' title='bbox 233 4280 265 4345; x_wconf 83' lang='lat' dir='ltr'>V</span> <span class='ocrx_word' id='word_1_393' title='bbox 278 4279 294 4344; x_wconf 90' lang='lat' dir='ltr'><strong>l</strong></span> <span class='ocrx_word' id='word_1_394' title='bbox 304 4200 359 4345; x_wconf 57' lang='lat' dir='ltr'><strong>llll</strong></span> <span class='ocrx_word' id='word_1_395' title='bbox 383 4276 474 4346; x_wconf 88' lang='lat' dir='ltr'><strong>idem</strong></span> <span class='ocrx_word' id='word_1_396' title='bbox 493 4303 524 4365; x_wconf 81' lang='lat'><strong>²3</strong></span> <span class='ocrx_word' id='word_1_397' title='bbox 544 4277 593 4345; x_wconf 92' lang='lat' dir='ltr'><strong>die</strong></span> <span class='ocrx_word' id='word_1_398' title='bbox 612 4276 705 4372; x_wconf 88' lang='lat' dir='ltr'><strong>Junii</strong></span> <span class='ocrx_word' id='word_1_399' title='bbox 725 4298 790 4368; x_wconf 81' lang='lat' dir='ltr'><strong>qua</strong></span> <span class='ocrx_word' id='word_1_400' title='bbox 812 4272 970 4348; x_wconf 86' lang='lat' dir='ltr'><strong>methodo</strong></span> <span class='ocrx_word' id='word_1_401' title='bbox 990 4270 1186 4369; x_wconf 75' lang='lat' dir='ltr'><strong>postremam</strong></span> <span class='ocrx_word' id='word_1_402' title='bbox 1207 4271 1291 4352; x_wconf 80' lang='lat' dir='ltr'><strong>Solis</strong></span> <span class='ocrx_word' id='word_1_403' title='bbox 1311 4268 1454 4369; x_wconf 79' lang='lat' dir='ltr'><strong>eclipsim</strong></span> <span class='ocrx_word' id='word_1_404' title='bbox 1476 4265 1537 4340; x_wconf 92' lang='lat' dir='ltr'><strong>ob·</strong></span> 
     </span>
     <span class='ocr_line' id='line_1_41' title="bbox 168 4364 1535 4468; baseline -0.003 -28"><span class='ocrx_word' id='word_1_405' title='bbox 168 4364 329 4447; x_wconf 64' lang='lat' dir='ltr'><strong>⁴fitcavit,</strong></span> <span class='ocrx_word' id='word_1_406' title='bbox 352 4371 460 4467; x_wconf 84' lang='lat' dir='ltr'><strong>palam</strong></span> <span class='ocrx_word' id='word_1_407' title='bbox 474 4368 628 4468; x_wconf 84' lang='lat' dir='ltr'><strong>exposuit.</strong></span> <span class='ocrx_word' id='word_1_408' title='bbox 662 4374 742 4439; x_wconf 84' lang='lat' dir='ltr'><strong>Haec</strong></span> <span class='ocrx_word' id='word_1_409' title='bbox 760 4374 894 4443; x_wconf 80' lang='lat' dir='ltr'><strong>Lutetiae</strong></span> <span class='ocrx_word' id='word_1_410' title='bbox 920 4365 984 4439; x_wconf 82' lang='lat' dir='ltr'><strong>visa</strong></span> <span class='ocrx_word' id='word_1_411' title='bbox 1000 4369 1044 4439; x_wconf 87' lang='lat' dir='ltr'><strong>cst</strong></span> <span class='ocrx_word' id='word_1_412' title='bbox 1062 4397 1078 4463; x_wconf 84' lang='lat'><em>5</em></span> <span class='ocrx_word' id='word_1_413' title='bbox 1103 4371 1331 4443; x_wconf 79' lang='lat' dir='ltr'><strong>tantummodo</strong></span> <span class='ocrx_word' id='word_1_414' title='bbox 1345 4370 1535 4464; x_wconf 78' lang='lat' dir='ltr'><strong>digitorum3</strong></span> 
     </span>
     <span class='ocr_line' id='line_1_42' title="bbox 175 4461 1535 4565; baseline 0.003 -30"><span class='ocrx_word' id='word_1_415' title='bbox 175 4487 368 4536; x_wconf 85' lang='lat' dir='ltr'><strong>cumtamen</strong></span> <span class='ocrx_word' id='word_1_416' title='bbox 391 4467 501 4536; x_wconf 80' lang='lat' dir='ltr'><strong>litterae</strong></span> <span class='ocrx_word' id='word_1_417' title='bbox 524 4461 862 4565; x_wconf 81' lang='lat' dir='ltr'><strong>Montepcllulanomi</strong></span> <span class='ocrx_word' id='word_1_418' title='bbox 887 4493 914 4538; x_wconf 84' lang='lat' dir='ltr'><strong>re</strong></span> <span class='ocrx_word' id='word_1_419' title='bbox 931 4476 1005 4536; x_wconf 84' lang='lat' dir='ltr'><strong>eam</strong></span> <span class='ocrx_word' id='word_1_420' title='bbox 1021 4461 1154 4552; x_wconf 69' lang='lat' dir='ltr'><strong>fuisse-p</strong></span> <span class='ocrx_word' id='word_1_421' title='bbox 1176 4466 1353 4562; x_wconf 84' lang='lat' dir='ltr'><strong>digitorum</strong></span> <span class='ocrx_word' id='word_1_422' title='bbox 1371 4464 1535 4539; x_wconf 85' lang='lat' dir='ltr'><strong>testentur.</strong></span> 
     </span>
     <span class='ocr_line' id='line_1_43' title="bbox 177 4559 1535 4661; baseline -0.007 -26"><span class='ocrx_word' id='word_1_423' title='bbox 177 4563 218 4636; x_wconf 80' lang='lat' dir='ltr'><strong>b.</strong></span> <span class='ocrx_word' id='word_1_424' title='bbox 239 4559 473 4658; x_wconf 75' lang='lat' dir='ltr'><strong>Oldembourg</strong></span> <span class='ocrx_word' id='word_1_425' title='bbox 486 4568 624 4657; x_wconf 80' lang='lat' dir='ltr'><strong>quitum</strong></span> <span class='ocrx_word' id='word_1_426' title='bbox 639 4583 706 4634; x_wconf 79' lang='lat' dir='ltr'><strong>erut</strong></span> <span class='ocrx_word' id='word_1_427' title='bbox 718 4563 877 4636; x_wconf 80' lang='lat' dir='ltr'><strong>societatis</strong></span> <span class='ocrx_word' id='word_1_428' title='bbox 896 4566 1008 4660; x_wconf 73' lang='lat' dir='ltr'><strong>Regia</strong></span> <span class='ocrx_word' id='word_1_429' title='bbox 1024 4560 1244 4661; x_wconf 66' lang='lat' dir='ltr'><strong>Anglicanaea</strong></span> <span class='ocrx_word' id='word_1_430' title='bbox 1269 4562 1535 4647; x_wconf 80' lang='lat' dir='ltr'><strong>Commentariis,</strong></span> 
     </span>
    </p>

    <p class='ocr_par' dir='ltr' id='par_1_12' title="bbox 142 4653 1535 4864">
     <span class='ocr_line' id='line_1_44' title="bbox 142 4653 1534 4754; baseline -0.001 -23"><span class='ocrx_word' id='word_1_431' title='bbox 142 4726 143 4731; x_wconf 73' lang='grc'>,</span> <span class='ocrx_word' id='word_1_432' title='bbox 176 4653 292 4754; x_wconf 83' lang='lat' dir='ltr'><strong>scripsit</strong></span> <span class='ocrx_word' id='word_1_433' title='bbox 305 4660 353 4730; x_wconf 87' lang='grc' dir='ltr'><strong>Ι).</strong></span> <span class='ocrx_word' id='word_1_434' title='bbox 368 4654 500 4731; x_wconf 58' lang='lat' dir='ltr'><strong>§ailino</strong></span> <span class='ocrx_word' id='word_1_435' title='bbox 510 4682 582 4727; x_wconf 84' lang='lat' dir='ltr'><strong>eam</strong></span> <span class='ocrx_word' id='word_1_436' title='bbox 596 4659 679 4727; x_wconf 87' lang='lat' dir='ltr'><strong>Solis</strong></span> <span class='ocrx_word' id='word_1_437' title='bbox 692 4657 908 4731; x_wconf 76' lang='lat' dir='ltr'><strong>defectionem</strong></span> <span class='ocrx_word' id='word_1_438' title='bbox 933 4660 1073 4731; x_wconf 85' lang='lat' dir='ltr'><strong>Londiui</strong></span> <span class='ocrx_word' id='word_1_439' title='bbox 1095 4655 1296 4732; x_wconf 79' lang='lat' dir='ltr'><strong>observatam</strong></span> <span class='ocrx_word' id='word_1_440' title='bbox 1317 4653 1407 4726; x_wconf 80' lang='lat' dir='ltr'><strong>luirl&#39;e</strong></span> <span class='ocrx_word' id='word_1_441' title='bbox 1436 4662 1457 4724; x_wconf 64' lang='lat' dir='ltr'><strong>fa</strong></span> <span class='ocrx_word' id='word_1_442' title='bbox 1487 4658 1534 4730; x_wconf 89' lang='lat' dir='ltr'><strong>D.</strong></span> 
     </span>
     <span class='ocr_line' id='line_1_45' title="bbox 178 4747 1535 4864; baseline -0.001 -37.004"><span class='ocrx_word' id='word_1_443' title='bbox 178 4752 306 4864; x_wconf 67' lang='lat' dir='ltr'><strong>Smith3</strong></span> <span class='ocrx_word' id='word_1_444' title='bbox 345 4778 417 4851; x_wconf 79' lang='lat' dir='ltr'><strong>quae</strong></span> <span class='ocrx_word' id='word_1_445' title='bbox 442 4758 524 4824; x_wconf 88' lang='lat' dir='ltr'><strong>inito</strong></span> <span class='ocrx_word' id='word_1_446' title='bbox 551 4752 678 4822; x_wconf 82' lang='lat' dir='ltr'><strong>calculo</strong></span> <span class='ocrx_word' id='word_1_447' title='bbox 699 4778 775 4824; x_wconf 89' lang='lat' dir='ltr'><strong>cum</strong></span> <span class='ocrx_word' id='word_1_448' title='bbox 795 4752 1069 4831; x_wconf 78' lang='lat' dir='ltr'><strong>observationibus</strong></span> <span class='ocrx_word' id='word_1_449' title='bbox 1092 4759 1228 4833; x_wconf 77' lang='lat' dir='ltr'><strong>Lutetiae</strong></span> <span class='ocrx_word' id='word_1_450' title='bbox 1246 4751 1341 4826; x_wconf 75' lang='lat' dir='ltr'><strong>fastis</strong></span> <span class='ocrx_word' id='word_1_451' title='bbox 1354 4749 1471 4824; x_wconf 70' lang='lat' dir='ltr'><strong>collata</strong></span> <span class='ocrx_word' id='word_1_452' title='bbox 1490 4747 1535 4826; x_wconf 77' lang='lat' dir='ltr'><strong>fic</strong></span> 
     </span>
    </p>
   </div>
   <div class='ocr_carea' id='block_1_5' title="bbox 180 4847 1360 5045">
    <p class='ocr_par' dir='ltr' id='par_1_13' title="bbox 180 4847 1360 5045">
     <span class='ocr_line' id='line_1_46' title="bbox 180 4847 1358 5019; baseline 0.003 -94"><span class='ocrx_word' id='word_1_453' title='bbox 180 4856 453 4939; x_wconf 61' lang='lat' dir='ltr'><strong>domiminum</strong></span> <span class='ocrx_word' id='word_1_454' title='bbox 466 4856 596 4926; x_wconf 88' lang='lat' dir='ltr'><strong>minuto</strong></span> <span class='ocrx_word' id='word_1_455' title='bbox 611 4853 769 4950; x_wconf 81' lang='lat' dir='ltr'><strong>temporis</strong></span> <span class='ocrx_word' id='word_1_456' title='bbox 781 4875 856 4931; x_wconf 84' lang='lat' dir='ltr'><strong>nou</strong></span> <span class='ocrx_word' id='word_1_457' title='bbox 870 4847 1046 4928; x_wconf 77' lang='lat' dir='ltr'><strong>dissentiet.¹</strong></span> <span class='ocrx_word' id='word_1_458' title='bbox 1287 4946 1358 5019; x_wconf 84' lang='lat' dir='ltr'><strong>T&#39;&#39;</strong></span> 
     </span>
     <span class='ocr_line' id='line_1_47' title="bbox 1335 4969 1360 5045; baseline 0 0"><span class='ocrx_word' id='word_1_459' title='bbox 1335 4969 1360 5045; x_wconf 88' lang='lat' dir='ltr'><strong>¹l</strong></span> 
     </span>
    </p>
   </div>
   <div class='ocr_carea' id='block_1_6' title="bbox 0 0 1828 5430">
    <p class='ocr_par' dir='ltr' id='par_1_14' title="bbox 0 0 1828 5430">
     <span class='ocr_line' id='line_1_48' title="bbox 0 0 1828 5430; baseline 0 2"><span class='ocrx_word' id='word_1_460' title='bbox 0 0 1828 5430; x_wconf 95' lang='lat' dir='ltr'><strong> </strong></span> 
     </span>
    </p>
   </div>
  </div>
 </body>
</html>
