3646 5430
288 345 351 433 ,ος
624 323 821 413 nicia
883 329 1329 409 scituriiiituir

154 448 269 517 Areu.
340 438 404 510 Alii
429 435 500 507 sunt
516 428 720 530 Phosphori,
744 437 800 531 qui
822 452 859 503 ut
878 429 1029 515 luceant,
1051 427 1166 499 diurno
1187 430 1300 500 lumini
1324 448 1532 527 exponuntur
1555 485 1566 520 ,
1586 433 1631 509 seu

157 554 250 619 1632.
284 536 403 606 calidus
425 531 461 603 sit
480 538 555 612 air,
581 525 632 598 seu
651 527 692 597 fri
717 532 795 601 idus.
812 533 924 626 ,Hujus
936 527 1058 622 generis
1069 526 1113 593 est
1129 524 1210 621 lapis
1233 520 1441 595 Bononienlia
1461 581 1473 616 ,
1490 532 1550 623 qui
1573 525 1630 602 sold

283 629 494 703 calcinitione
506 629 655 695 eamvini
673 556 722 693 ali
748 622 874 705 iscirur,
895 628 929 691 dc
944 642 998 716 per
1017 614 1143 712 aliquot
1156 644 1257 688 annos
1272 617 1488 696 hauctuetiir.
1514 628 1628 696 ineun-

283 726 358 794 dem
378 722 506 797 censurii
518 723 605 788 venit
623 651 825 814 Phosphorus
845 714 1010 798 Balduini,
1031 719 1119 800 cujus
1137 716 1326 810 preparatio
1338 713 1384 782 cst
1400 715 1629 812 operohur‚ex

284 824 368 890 tetra
393 844 463 917 quae
492 821 526 886 in
552 814 689 884 Saxouih
719 834 844 884 rantum
874 811 1027 906 reperitur
1052 860 1064 892 ,
1089 814 1122 877 dc
1153 803 1264 905 spiritu
1295 807 1440 904 quodam
1465 814 1559 884 acido
1577 840 1627 916 paq

286 935 442 1082 tatipppimi
461 1007 583 1106 generis
597 998 774 1097 Phosphori
795 1025 834 1071 ex
856 1005 946 1071 urina
970 1022 1024 1072 aur
1054 997 1106 1070 san
1130 1005 1203 1070 uine
1224 999 1370 1069 humano
1394 1055 1406 1086 ,
1428 1024 1505 1099 qua:
1521 1000 1625 1099 diique

284 1104 432 1174 videntur
456 1120 645 1184 occurrere,
669 1121 831 1193 parantur.
862 1097 923 1166 Sed
938 1101 1093 1167 tamenin
1107 1025 1438 1167 locistantummodo
1454 1152 1466 1183 ,
1481 1102 1516 1168 in
1528 1098 1626 1195 quibui

284 1197 433 1269 homines
450 1188 596 1268 cerevihd
615 1214 768 1278 utuntur,
782 1190 863 1263 bene
878 1184 1014 1261 succedit
1031 1191 1085 1261 illa
1111 1186 1288 1285 Phosphori
1307 1196 1526 1287 preparatio,
1550 1194 1625 1290 quod

184 1286 190 1294 ’
285 1290 372 1365 forte
392 1297 503 1362 vinum
522 1291 617 1358 nimis
636 1284 861 1384 spirituosum,
893 1307 952 1354 nec
983 1281 1054 1355 satis
1081 1287 1219 1353 mateiiae
1243 1280 1330 1353 illius
1347 1284 1510 1359 craffiotis
1534 1342 1546 1376 ,
1569 1313 1625 1385 que

285 1393 411 1484 gummi
430 1384 550 1471 refert,
570 1377 746 1478 suppeditet
767 1408 776 1459 ;
797 1405 850 1452 aut
871 1376 1005 1449 forsitan
1022 1375 1144 1476 spiritui
1158 1381 1225 1447 vini
1237 1401 1314 1448 cum
1333 1377 1528 1491 Phosphoro
1539 1387 1626 1455 minui

286 1486 464 1568 convenit,
480 1488 513 1551 ει
526 1479 721 1577 precipuum
734 1484 800 1570 ejiis
815 1474 968 1546 estestum
985 1498 1101 1571 nempe
1116 1470 1406 1545 inflammationem
1416 1473 1553 1558 inhibet,
1565 1502 1625 1551 onii

285 1576 453 1646 interduo
480 1574 578 1644 lintea
600 1561 711 1669 spiritu
740 1576 807 1642 vini
831 1569 957 1641 madida
979 1573 1165 1640 conteritur.
1200 1570 1292 1731 Ἣὶιι
1319 1572 1418 1640 etiam
1442 1567 1564 1644 lumino
1581 1570 1626 1645 sno

285 1662 1627 1856 illilfllslilililii{lll'lils‘p‘lssl‘nh‘li‘iPhileis

285 1857 557 1947 nebuloso,cuni
575 1853 652 1926 nulli
666 1849 696 1924 se
709 1855 848 1951 produnt
865 1855 953 1926 radii.
1274 1926 1290 1955 0
1399 1814 1414 1849 ⁸

345 1955 443 2026 Aliud
467 1948 645 2048 Phosphori
657 1970 757 2042 genus
774 1954 896 2021 invenit
921 1951 967 2021 D.
988 1947 1160 2046 Homberg
1175 1970 1287 2049 paratu
1299 1947 1429 2023 facilius
1439 1974 1549 2042 ,unctu
1564 1951 1628 2028 salii

285 2050 476 2121 Armeniaci
490 2069 614 2145 partem
632 2066 707 2115 cum
728 2044 848 2115 duabus
864 2043 959 2114 calcis
976 2047 1055 2115 vivae
1070 2048 1103 2114 in
1115 2051 1187 2115 a'e're
1198 2048 1337 2134 extineie
1348 2068 1500 2121 accurare
1510 2042 1626 2138 miscet,

286 2143 453 2215 crucibulo
471 2144 510 2213 ad
531 2146 640 2237 ignem
662 2138 857 2211 mediocrem
876 2137 1003 2209 mistura
1015 2143 1218 2235 imponitur,
1235 2138 1290 2212 ubi
1305 2140 1513 2215 crucibulum
1528 2140 1627 2218 where

286 2242 420 2402 caperit
433 2295 444 2326 ,
462 2260 537 2402 turp
547 2234 691 2400 fipillipraes
698 2231 782 2398 llll
793 2239 939 2397 incipiet,
946 2231 1006 2399 {pp
1023 2257 1097 2398 puin
1107 2237 1144 2310 ed
1158 2238 1313 2401 inffcppipo
1325 2236 1491 2403 auollptaup
1507 2241 1623 2315 &imp

284 2353 416 2419 mecit,
437 2357 485 2404 vir
581 2353 628 2399 tre
684 2353 761 2398 uin
783 2353 834 2400 ea
858 2353 930 2399 iari
1008 2354 1024 2398 e
1063 2384 1075 2416 ,
1102 2352 1143 2399 nc
1172 2356 1190 2400 e
1285 2353 1385 2417 atur;
1463 2354 1626 2431 uinaque

284 2424 354 2498 fusa
375 2426 472 2500 fuerit
486 2357 561 2497 baec
588 2430 719 2495 materia
741 2428 774 2492 in
799 2354 922 2522 pulvim
949 2447 1099 2520 cupream
1128 2423 1228 2497 effusa
1253 2431 1287 2495 dr
1311 2423 1505 2524 refrigerata
1525 2430 1624 2500 cinerei

283 2522 329 2592 est
349 2521 490 2609 coloris,
508 2529 542 2594 dc
563 2520 651 2615 quasi
672 2516 841 2589 virrescens
860 2514 948 2589 fetro
961 2540 1016 2588 aut
1036 2517 1102 2589 alio
1123 2521 1204 2591 duro
1224 2520 1523 2685 corporeupercuffa
1535 2520 1625 2595 hun

285 2617 393 2690 lumen
415 2621 544 2689 emittit.
569 2616 657 2685 Cum
673 2637 779 2684 autent
794 2611 861 2682 haec
874 2616 1005 2684 materia
1024 2610 1062 2683 sit
1083 2615 1257 2686 admodum
1301 2613 1420 2712 egilis,
1557 2618 1624 2690 adea

283 2716 536 2807 experimentum
551 2709 657 2809 sepius
671 2711 777 2779 iterari
791 2705 884 2804 possit
899 2762 908 2791 ,
931 2712 1093 2806 optimum
1109 2707 1206 2780 suerit
1222 2706 1391 2779 crucibulo
1403 2640 1624 2881 'Q

283 2826 339 2876 aut
360 2810 449 2902 cupri
465 2811 653 2901 imponere,
679 2826 750 2900 quae
762 2802 823 2873 hac
836 2807 968 2873 materia
988 2800 1074 2898 quasi
1091 2809 1189 2890 vitro,
1199 2825 1254 2878 aut
1263 2802 1418 2876 encausto

284 2893 1227 3090 “lh'hihl‘lilli’riilllilissilliliihhl¹¹'
1267 2996 1626 3097 eorumquae

286 3087 365 3159 illud
382 3113 450 3159 erat
464 3088 663 3185 propositum
679 3111 714 3158 ut
728 3086 824 3159 saleni
843 3091 1082 3158 ammoniacum
1102 3112 1157 3183 per
1177 3114 1213 3159 ca
1227 3113 1299 3160 ceni
1318 3096 1436 3165 vivam
1446 3090 1624 3189 caldmtet,

311 3185 355 3254 ιιὸ
373 3180 468 3254 salem
492 3179 590 3252 fixum
610 3192 643 3254 δι
663 3179 786 3254 fufileni
805 3182 901 3252 instar
921 3174 1168 3271 ceraeefficeret,
1185 3184 1274 3280 quod
1292 3193 1338 3260 ita
1354 3194 1468 3260 evenit
1479 3212 1552 3260 cuin
1568 3191 1627 3261 unh

284 3209 503 3350 sunderentur.
529 3281 673 3349 Primum
706 3276 783 3348 illud
809 3277 854 3347 est
880 3278 1061 3348 demiratus.
1097 3279 1158 3347 Sed
1172 3287 1275 3372 major
1297 3280 1360 3352 fuit
1378 3289 1450 3371 ejus
1470 3284 1623 3356 admiratio

285 3398 361 3446 cum
382 3374 513 3444 terendo
531 3372 614 3442 hanc
628 3377 795 3443 materiam
812 3369 935 3459 susam,
959 3370 1038 3439 vidit
1056 3367 1207 3465 pistillum
1227 3398 1430 3472 unoquoque
1449 3380 1513 3449 istu
1526 3376 1623 3450 lumen

282 3465 422 3542 vibrare.
461 3467 651 3541 Encaustum
664 3467 761 3555 illud,
775 3465 879 3563 vulgo
895 3464 1022 3551 finan,
1061 3464 1124 3532 uod
1134 3471 1230 3565 virgis
1239 3467 1349 3541 ferreis
1357 3466 1622 3559 adheregiuac‘re
1665 3464 1667 3475 ¹

283 3563 443 3652 humido,
458 3563 729 3661 quemadmodum
744 3562 889 3660 plerique
903 3558 977 3631 sales
992 3489 1060 3628 suhq
1075 3613 1086 3644 ,
1109 3558 1203 3633 facile
1219 3560 1366 3659 liquescit
1388 3598 1399 3652 ς
1430 3568 1517 3637 unde
1539 3572 1619 3665 uirga

283 3659 385 3747 ferree
405 3665 439 3730 in
454 3667 525 3731 a'e're
540 3658 643 3730 calido
661 3667 697 3733 de
710 3654 795 3729 liceo
811 3654 919 3728 chartli
927 3653 1071 3726 involuta
1080 3653 1134 3726 diu
1141 3651 1314 3734 servantur.
1329 3662 1394 3730 Sed
1404 3659 1444 3731 dc
1455 3658 1525 3743 hoc
1537 3658 1617 3743 ΒΜ·

286 3751 393 3849 phoro
407 3754 520 3826 redibit
534 3754 650 3828 sermo.
1580 3782 1585 3795 ·

332 3856 374 3919 V.
401 3849 612 3919 Phaenornena
625 3846 718 3942 hujus
729 3853 811 3944 ignit
827 3907 838 3939 ,
854 3860 888 3923 dt
901 3846 1067 3948 singulares
1086 3845 1219 3920 effictus
1240 3853 1275 3921 in
1298 3848 1393 3921 Auis
1412 3847 1613 3956 menseJiri'u

287 3939 457 4040 publicatis
474 3939 612 4011 breviter
626 3965 838 4042 exponuntur.
1666 4016 1668 4027 ,

341 4039 475 4106 Summa
490 4037 534 4105 est
550 4094 559 4123 ,
574 4036 668 4127 hujus
680 4043 761 4136 ignis
774 4039 871 4137 longe
891 4037 1046 4111 diversam
1070 4039 1231 4137 hvulgari
1247 4035 1308 4109 esl'e
1322 4052 1474 4116 naturam
1486 4070 1497 4117 ι
1509 4064 1609 4119 tumea
1665 4036 1668 4057 ¹

287 4128 466 4215 consumit,
485 4155 554 4224 quae
576 4130 636 4202 alia
659 4157 795 4232 corpora
815 4132 1014 4207 inflammata
1035 4157 1101 4205 non
1119 4135 1298 4221 invadunt,
1319 4161 1422 4237 atque
1445 4145 1487 4215 iit
1508 4144 1607 4239 parcit,
1660 4204 1668 4219 .

285 4224 410 4327 quarab
427 4224 495 4295 aliis
512 4230 734 4302 incenduntur.
768 4227 965 4326 Qaealioii
990 4254 1044 4302 nes
1060 4233 1249 4317 extinguunt
1275 4283 1286 4314 ,
1317 4229 1406 4303 hune
1426 4236 1606 4315 aeneidum.
1658 4234 1668 4313 i

284 4331 319 4396 δι
333 4319 468 4487 vicissl'im
487 4353 498 4412 3
520 4318 635 4395 fortius
647 4323 750 4395 adurit
763 4329 867 4422 quam
877 4324 954 4421 ligni
965 4254 1127 4412 bamma„
1144 4303 1289 4394 subtilior
1306 4334 1411 4422 quam
1427 4326 1607 4429 spititoeffl
1657 4320 1668 4343 ι

284 4443 381 4491 accen
397 4442 444 4493 us.
1654 4490 1669 4507 ,

335 4518 424 4589 Caro
437 4512 625 4610 Phosphoro
637 4514 800 4586 combusta
813 4506 954 4586 flavescit
982 4571 993 4602 ,
1017 4525 1051 4590 dt
1074 4538 1224 4589 excavata
1249 4513 1417 4591 indurescit
1443 4522 1537 4593 instar
1554 4542 1608 4591 eur·
1654 4518 1669 4533 “

281 4635 326 4682 nu
339 4634 377 4682 eii
387 4612 546 4680 condentis
565 4607 641 4680 ferri
663 4613 815 4682 contadhu
830 4609 946 4682 adusti:
960 4608 1038 4711 serpe
1054 4610 1202 4705 ampullae
1213 4636 1279 4680 non
1296 4612 1501 4689 attolluntur.
1530 4610 1608 4713 Qud

281 4703 395 4783 liloco
407 4705 554 4783 ambulo
572 4729 773 4807 unguentum
792 4702 978 4782 adhibeatur
995 4761 1009 4800 ,
1041 4709 1142 4783 crusta
1161 4711 1245 4783 intra
1264 4704 1353 4782 bidui
1378 4707 1520 4813 spatituu
1527 4714 1608 4799 iudi:
