3646 5430
159 368 267 442 ΛΗ.
292 303 404 446 30s’ici
420 368 521 468 vulgo
540 388 585 435 rm
609 273 726 438 svaerts
736 268 887 462 binAEguani
902 256 1503 438 {IaffirgbsmlbssmMstmaum
1526 362 1575 438 D.
1596 356 1636 435 it

158 474 253 548 1692.
291 477 419 538 Vernev
434 462 679 556 subjecitoculis
698 489 707 532 t
728 467 763 533 in
788 457 1016 530 Methanicam
1040 456 1155 554 iinguae
1175 454 1364 524 [inuiiuram
1388 457 1437 527 D.
1462 459 1511 532 D.
1541 458 1580 529 de
1609 457 1637 531 h

290 568 374 640 Hire
387 572 420 635 δι
432 564 529 654 Mery
541 559 744 631 intenderunt
757 558 923 631 animum.
936 553 974 624 de
986 576 1050 648 qua
1064 551 1182 648 postea.

337 663 472 729 Ineunte
494 655 639 751 Augusto
660 646 767 723 mense
797 655 844 722 D.
857 646 1002 720 Sedileau
1025 643 1222 746 papilionem
1241 642 1385 716 exhibuit
1413 653 1506 743 eujus
1527 646 1636 720 aurelia

288 755 361 857 post
375 757 423 825 exi
448 773 524 818 unm
545 749 720 817 admodum
735 744 882 814 foramen
895 747 1022 815 exierat.

340 854 386 922 D.
419 776 462 915 asu
487 851 616 940 Vernep
642 841 758 913 dubiis
778 835 916 912 salivalis
935 834 1138 909 insertionem
1162 842 1195 907 in
1221 840 1337 933 viperae
1357 840 1490 911 dentem
1515 893 1528 926 ,
1558 839 1636 911 oculi

288 966 424 1044 quoqne
439 939 627 1010 structuram
641 961 751 1007 coram
767 932 921 1005 exhibuit·
955 937 1044 1004 Tum
1057 937 1142 1003 varia
1160 933 1245 1004 fasta
1262 927 1335 1004 sunt
1347 938 1568 1032 expenmeaua
1578 939 1637 1006 eir-

289 1045 527 1201 “vttu
545 1031 686 1197 triu
700 1026 1345 1196 fiturtaurian„uua
1362 1028 1512 1196 riu
1524 1025 1637 1219 iu

288 1161 437 1301 bisbis&
454 1222 484 1295 se
502 1149 813 1295 babuerunseuana
825 1223 939 1314 vipera
951 1214 1058 1288 morsu
1077 1217 1238 1288 vulnerata
1248 1220 1346 1289 noste
1361 1210 1545 1317 insequenti
1555 1243 1637 1290 mor·

291 1324 417 1396 tuaest.
444 1318 524 1389 Felis
545 1317 613 1418 post
634 1314 769 1386 biduum
794 1314 950 1383 extiniiut
971 1368 982 1399 ,
1011 1336 1078 1382 non
1095 1317 1174 1383 item
1198 1321 1284 1384 carris
1307 1318 1341 1384 in
1355 1337 1469 1386 ventre
1489 1318 1514 1386 a
1538 1320 1639 1415 ripeta

289 1415 404 1506 lasus3
429 1413 481 1488 sed
499 1418 585 1484 canis
600 1411 706 1495 alter,
727 1418 817 1500 cujus
837 1406 952 1504 linguar
973 1411 1081 1504 vipera
1104 1408 1213 1478 dentes
1240 1407 1465 1505 impresserat,
1497 1411 1639 1511 postridie

291 1535 440 1588 mortuus
454 1508 508 1580 est·
538 1512 656 1578 Suetus
666 1503 768 1578 flavus
779 1501 904 1574 vulneri
920 1507 1007 1575 canis
1032 1504 1065 1571 in
1081 1500 1206 1581 semote
1223 1501 1349 1575 inflicto
1367 1499 1487 1577 affirsus
1598 1501 1640 1577 se·

292 1607 474 1682 nri-horam
493 1627 567 1673 eum
581 1604 719 1673 necavit.
753 1594 878 1671 vulnus
900 1619 999 1690 4aut
1021 1625 1037 1690 5
1056 1594 1150 1695 lineis
1170 1596 1323 1694 patebat,
1348 1601 1447 1695 idque
1469 1626 1489 1672 a
1587 1625 1640 1671 uta

290 1702 426 1775 lividum
440 1701 612 1799 appatuit,
633 1720 672 1765 ac
687 1694 773 1766 livor
792 1689 847 1762 iile
860 1695 895 1763 in
915 1715 1024 1764 carnes
1044 1691 1083 1763 ad
1099 1694 1180 1764 duos
1204 1688 1302 1787 usque
1326 1695 1463 1793 pollices
1482 1699 1640 1796 pontstu

289 1786 468 1868 ridebatur·
504 1795 639 1890 Sanguis
660 1793 695 1860 in
708 1787 805 1861 corde
824 1796 860 1862 &
877 1790 913 1861 in
933 1784 1011 1861 vasis
1032 1811 1071 1859 ex
1087 1811 1176 1886 parte
1188 1785 1304 1860 fluidus
1318 1811 1419 1881 erat,
1444 1799 1483 1865 δι
1501 1816 1541 1865 ex
1555 1810 1639 1893 pate

291 1913 585 2072 consitiis-Dice
609 1986 629 2054 S
672 1981 803 2056 tembris
823 1984 908 2053 idem
934 1984 1188 2080 experimentum
1211 1981 1361 2053 iteratum
1383 1979 1448 2055 fuit
1465 1987 1503 2055 in
1523 1977 1637 2053 aarum

293 2081 447 2168 canibus,
470 2086 504 2152 in
523 2079 587 2153 fele
599 2086 632 2150 δι
668 2077 765 2148 uabus
784 2076 956 2150 columbis.
991 2080 1053 2146 Hae
1066 2076 1197 2169 quidem
1210 2076 1386 2148 eodemdie
1398 2100 1537 2151 mortuae
1555 2072 1636 2169 suu,

294 2177 447 2274 postridie
462 2200 544 2246 unus
570 2174 587 2244 ὲ
608 2169 738 2244 canibus
759 2171 864 2242 adbuc
885 2167 1041 2270 spirabat,
1064 2175 1122 2264 qui
1137 2168 1252 2243 vulnus
1264 2170 1373 2271 lingua
1386 2171 1553 2249 lambebat
1566 2226 1579 2262 ,
1592 2170 1636 2245 ai-

294 2291 343 2341 ter
356 2294 501 2343 mortuus
512 2271 558 2343 est
571 2294 580 2339 a
595 2266 673 2339 Felis
685 2267 813 2366 postero
824 2266 875 2336 dit
891 2266 1049 2338 annuus
1071 2265 1146 2337 fuit.

721 2589 1041 2678 ‘CAPUT
1094 2597 1175 2683 11.

553 2816 613 2890 De
645 2802 792 2917 ripsscis
831 2801 876 2895 ό-
908 2803 1082 2916 chymicia
1111 2805 1378 2921 operationibus.

295 3019 324 3091 1.
397 3018 530 3091 Neunte
545 3015 611 3090 hoc
630 3044 718 3092 anno
731 3022 777 3094 D.
795 3013 967 3111 Honrberg
981 3019 1070 3128 varia
1088 3017 1173 3088 circa
1193 3015 1417 3112 Phosphornm
1446 3024 1631 3120 experimur:

297 3209 390 3281 1011.
398 3106 1085 3307 itid‘nifissaqtfiiiiiiiissii
1094 3136 1220 3281 ’iiiii
1232 3112 1581 3309 sibisibi}
1581 3143 1633 3287 ”i

294 3302 449 3378 lucideex
487 3306 581 3375 irata.
1105 3318 1110 3327 ’

348 3397 420 3473 Ubi
442 3404 453 3470 i
482 3403 526 3469 'us
550 3403 598 3469 ori
622 3401 708 3470 inem
735 3399 757 3470 a
803 3399 922 3470 undam
961 3398 1127 3495 Cbptnico
1151 3404 1316 3472 Germano
1347 3402 1484 3476 nomine
1515 3400 1632 3492 niani,

196 3484 201 3495 ’
294 3520 329 3568 re
370 3499 412 3567 tit
434 3549 446 3582 ,
496 3497 554 3589 qui
577 3424 635 3564 sibi
671 3423 861 3593 persuaserat
890 3493 1002 3595 lapidis
1011 3490 1296 3593 {Philosophorum
1321 3517 1476 3569 arcanum
1498 3503 1534 3569 in
1555 3502 1630 3571 otim

295 3593 335 3662 de
349 3587 487 3664 itesoere.
517 3595 716 3686 lamagnam
738 3595 812 3660 vitae
834 3583 893 3662 suae
964 3614 1045 3662 rtem
1060 3593 1095 3659 in
1111 3587 1272 3660 laboribus
1295 3594 1378 3662 circa
1401 3595 1528 3666 utinam
1548 3597 1632 3668 irritis

295 3689 419 3783 exegit,
442 3710 481 3757 ac
500 3685 631 3757 tandem
651 3710 739 3758 anno
762 3697 845 3774 1669
873 3616 1116 3783 posteriorem
1136 3687 1233 3755 urinae
1252 3683 1487 3761 distillationem
1503 3692 1538 3759 in
1555 3693 1633 3763 exei-

293 3780 376 3876 pulo
396 3783 562 3850 materiam
576 3775 738 3851 luc'entem
755 3783 898 3869 invenit3
917 3786 967 3851 tui
983 3781 1091 3879 postea
1107 3774 1283 3875 Phosphori
1304 3802 1424 3851 nomen
1437 3786 1574 3855 inditum
1585 3786 1632 3862 esi.

297 3879 398 3946 Hunc
410 3874 579 3945 Knnxelio
601 3875 908 3946 ElesiorisSaxoniae
930 3876 1096 3973 bemico
1117 3875 1276 3962 ostendit,
1295 3867 1347 3947 sed
1370 3882 1494 3951 nemini
1519 3886 1634 3979 apetn‘a

294 3966 381 4038 iliius
394 3970 669 4065 praepararionem.
691 3969 765 4042 Post
778 3977 844 4062 ejus
862 3967 989 4043 obitum
1009 3971 1193 4043 Kunrtelius
1206 4023 1216 4052 ,
1231 3976 1287 4067 qui
1300 3995 1433 4044 noverat
1445 3971 1534 4047 bunc
1552 3976 1601 4049 ch
1620 4016 1634 4033 ·

295 4063 424 4134 mistam
436 4067 470 4132 in
483 4067 578 4131 urina
590 4060 827 4134 distillationem
844 4063 1042 4162 potissimum
1054 4059 1251 4151 incubuisse,
1270 4073 1304 4137 in
1316 4067 1352 4136 ea
1366 4074 1573 4162 quaermdnm

296 4153 522 4255 Phosphorum
533 4182 600 4227 non
611 4156 769 4231 dubitavit
779 4214 791 4247 ,
803 4183 841 4228 ac
854 4162 982 4230 tandem
997 4186 1149 4234 arcanum
1159 4159 1262 4262 ipsum
1278 4166 1527 4265 inveniantque
1539 4170 1634 4241 aron

296 4252 390 4347 hujus
403 4274 498 4324 tenax
518 4250 605 4340 fuit,
623 4250 677 4325 sed
689 4256 886 4338 cumamicit
903 4253 982 4327 illud
998 4261 1266 4330 communicavit.

354 4353 404 4423 11.
423 4347 585 4421 Protrssiis
599 4346 721 4422 summa
733 4349 800 4422 hac
816 4351 861 4420 est
873 4375 882 4419 ε
896 4352 1002 4424 Urina
1014 4377 1123 4424 recens
1136 4353 1199 4424 leni
1215 4357 1224 4421 i
1248 4358 1282 4424 ni
1298 4352 1510 4431 admoveantt
1521 4360 1635 4450 ,donet

283 4449 332 4521 in
350 4449 477 4542 nigram
491 4448 659 4516 materiam
678 4447 761 4544 peni
777 4443 965 4519 exficcatam
981 4445 1101 4537 abeat,
1119 4452 1154 4520 in
1174 4377 1255 4520 cesa
1277 4452 1400 4522 aurarii
1419 4476 1477 4550 per
1505 4477 1569 4529 tter
1589 4474 1637 4527 att

297 4563 438 4638 quatuor
462 4533 583 4612 menses
608 4531 767 4639 putrescat
783 4576 794 4631 ;
817 4565 857 4613 ex
874 4543 913 4613 ei
923 4538 1012 4615 sume
1021 4545 1098 4616 duas
1108 4541 1226 4632 libras,
1247 4569 1318 4643 quae
1330 4569 1407 4619 tum
1426 4573 1454 4642 4
1468 4547 1558 4622 librir
1571 4572 1638 4625 ato·

297 4635 379 4728 ntia
398 4657 454 4714 aut
475 4633 704 4711 boliatcruate
721 4635 944 4744 misceamur,
970 4661 1097 4736 retorta
1116 4645 1272 4741 aptium,
1296 4650 1331 4719 &
1349 4640 1431 4719 bene
1449 4641 1559 4719 lutam
1576 4650 1637 4717 im·

1473 4760 1639 4845 We
