3646 5430
280 402 285 415 ’
416 416 466 501 '40
516 423 520 430 '
726 390 1489 473 REGlAE‘SClENTl'ARUM.
1538 394 1554 453 1

286 506 396 577 'Auit-
417 532 449 593 7.
464 524 522 572 nec
534 498 600 570 fere
613 503 715 598 majus
729 501 831 592 quam
848 508 892 565 60
919 490 1073 561 libratum
1090 491 1212 587 pondus
1225 512 1266 558 eo
1280 512 1348 581 quo
1369 487 1503 559 diximus
1526 487 1626 586 modo
1642 484 1696 557 ille
1719 507 1792 587 aeg

287 607 378 673 1668.
397 628 399 633 ·
418 597 522 669 tollat.
541 596 611 664 ‘Sed
630 596 713 662 tatio
727 612 833 662 tamen
843 585 988 658 habenda
1000 584 1044 652 est
1059 582 1142 654 funis
1157 608 1213 678 pet
1233 579 1509 663 troclleacduun
1522 604 1560 650 ac
1575 579 1705 651 demum
1717 600 1787 651 at-‘

419 693 513 763 trittls
529 694 585 785 qui
598 684 669 757 sane
687 691 720 755 in
737 707 774 753 ea
789 679 954 753 occasione
965 702 1032 750 non
1047 679 1215 770 mediocris
1228 677 1302 749 fuit.
1613 721 1615 726 .

469 790 558 857 Huic
569 785 786 876 experimento
800 776 861 847 alia
874 779 996 875 generis
1013 770 1153 867 ejusdem
1177 767 1315 865 subjedla
1338 763 1409 870 sunt
1428 773 1543 841 eodem
1564 775 1596 838 in
1622 767 1697 838 loco
1723 771 1782 841 die

417 876 646 970 decimoJulii.
670 869 817 944 Ptimtlm
835 872 967 968 quidem
982 866 1023 938 ab
1041 866 1175 936 homine
1192 868 1315 962 pondus
1333 873 1435 956 majus
1454 862 1663 960 sui..corporis
1685 890 1773 960 pon.

418 978 492 1046 dere
513 967 632 1040 sursum
650 966 757 1039 attolli
776 970 830 1035 vix
856 962 942 1064 polle
962 988 999 1035 ea
1021 965 1145 1031 tatione
1171 958 1233 1030 fuit
1258 957 1518 1057 comprobatum.
1560 964 1674 1029 Homo
1697 955 1776 1028 satis

418 1064 541 1170 gracili
554 1067 698 1160 eorporis
726 1059 837 1139 habitu
858 1116 869 1147 ,
895 1059 1026 1157 pondus¹
1043 1072 1104 1144 13⁰
1129 1051 1281 1127 libratum
1293 1053 1442 1125 trochleae
1457 1052 1617 1150 illigatum
1633 1051 1789 1124 evehere?

418 1186 487 1234 non
498 1159 597 1230 valuit
616 1157 728 1228 :unde
740 1165 807 1247 ejus
822 1155 911 1225 collo
924 1175 1039 1249 corpus
1055 1178 1101 1242 ις.
1126 1146 1200 1221 libe.
1219 1145 1399 1244 suspensum
1414 1145 1476 1218 fuit
1496 1200 1507 1226 ,
1537 1169 1673 1243 tumque
1687 1173 1774 1245 pon.

419 1257 477 1325 dus
490 1281 556 1341 tto.
571 1253 612 1322 ad
624 1251 827 1322 altitudinem
848 1245 1036 1344 sesquipedis
1057 1241 1179 1315 sustulit
1204 1277 1214 1332 3
1241 1242 1327 1312 aliud
1354 1243 1467 1311 deinde
1486 1237 1624 1336 ejusdem
1649 1244 1789 1341 ponde-3

420 1355 464 1420 tis
480 1371 598 1445 corpus
621 1355 687 1439 ejus
706 1343 796 1415 collo
812 1338 991 1440 suspensum
1004 1342 1047 1411 est
1065 1395 1076 1426 ,
1092 1361 1162 1409 tum
1176 1359 1293 1435 magua
1312 1333 1465 1405 facilitate
1486 1337 1672 1433 pradictum
1693 1361 1790 1433 pon-t

420 1445 478 1514 dus
497 1468 566 1530 ¹30·
584 1441 641 1514 lib.
664 1441 704 1509 ad
719 1440 797 1508 odio
816 1435 915 1602 ugone
939 1435 1032 1532 pedes
1051 1431 1209 1503 sublatum
1232 1432 1304 1501 est:
1328 1428 1380 1500 sed
1397 1453 1472 1500 cum
1489 1455 1570 1499 unus
1594 1434 1694 1524 euciis
1715 1436 1789 1527 qui

418 1538 548 1609 aderant
556 1561 572 1622 ⁴,
588 1532 736 1606 mnibus
745 1556 828 1631 appe
863 1557 883 1603 a
906 1528 1046 1628 pondera
1058 1522 1266 1612 sublevaffet,
1286 1547 1356 1596 tum
1373 1522 1591 1594 homonum
1604 1523 1622 1593 ὲ
1634 1528 1778 1621 pondere

423 1631 546 1704 dtetra
568 1629 703 1731 paulum
725 1627 824 1700 elatus
844 1627 889 1696 est
903 1679 914 1710 ,
930 1623 1017 1693 adeo
1030 1647 1066 1695 ut
1094 1626 1131 1691 in
1149 1617 1285 1691 sufflime
1304 1620 1393 1689 aolus
1410 1615 1523 1690 ,fuiffet
1546 1673 1556 1703 ,
1579 1617 1635 1687 nili
1668 1621 1789 1692 statum

420 1719 558 1825 appendi
571 1722 657 1794 tollo
675 1722 815 1818 pondera
837 1725 971 1791 retinete
996 1713 1153 1800 defiiffet,
1174 1719 1230 1807 qui
1252 1712 1377 1796 inscio,
1404 1734 1502 1782 neec
1551 1716 1637 1784 'tanti
1661 1715 1787 1786 eadem:

422 1817 572 1891 munibus
583 1814 773 1888 sublevatat.
792 1841 821 1888 2.
846 1813 929 1883 Illud
942 1834 1076 1907 quoque
1099 1829 1313 1972 Ketteotatum
1328 1805 1389 1876 fuit
1408 1829 1517 1877 utrum
1560 1832 1638 1878 omo
1659 1815 1784 1973 muloti·-

422 1905 987 2101 {lillflll‘l‘illfi‘lsslll
999 1897 1786 2070 {l“lllzlllmdlss‘l‘l‘lila‘ll‘m

424 2111 528 2191 majus
539 2031 644 2174 attolli
683 2099 785 2169 ondus
805 2094 934 2193 ,quim
959 2092 993 2162 fi=
1008 2094 1094 2164 idem
1112 2088 1238 2177 sedeat,
1268 2099 1302 2163 δι
1323 2089 1452 2164 brachia
1474 2091 1586 2162 itidem
1610 2095 1777 2187 dimittat,

308 2234 312 2242 ,
426 2195 629 2268 observatum
647 2126 730 2280 diit,
744 2193 835 2288 quod
845 2215 887 2261 eo
898 2186 1023 2263 sedente
1045 2182 1180 2271 musculi
1200 2189 1430 2262 tantummodo
1441 2182 1649 2258 brachiotum
1667 2197 1702 2261 dt
1726 2214 1787 2260 rea

428 2314 529 2376 num,
542 2286 595 2359 sed
606 2290 705 2359 stante
715 2307 988 2381 crurumquoque
1002 2277 1136 2352 musculi
1145 2285 1213 2351 vim
1226 2277 1312 2351 suam
1331 2303 1472 2352 exerant.
1481 2285 1569 2352 Tum
1585 2286 1630 2355 D.
1641 2290 1786 2380 Hugeno

454 2410 500 2455 ua
513 2382 572 2453 fint
590 2389 672 2454 inter
688 2382 779 2454 funes
822 2385 855 2451 ui
873 2388 965 2472 iuxta
973 2372 1113 2448 diversos
1121 2374 1255 2474 angulos
1271 2378 1394 2473 pondus
1407 2373 1559 2463 trahunt,
1578 2381 1696 2450 vitium
1708 2377 1783 2462 (ιιι-,-

426 2411 639 2550 iermtiaescri
664 2499 700 2550 to
712 2408 869 2572 expoiuit.
1273 2557 1275 2561 ¹
1780 2528 1786 2535 -

482 2577 550 2646 His
564 2597 632 2644 non
641 2503 757 2644 ieviter
773 2569 944 2670 perileidlis
960 2571 1106 2666 quaedam
1119 2597 1186 2644 non
1196 2571 1322 2645 inutilia·
1332 2572 1573 2641 circaveeiutas
1585 2569 1655 2644 sunt
1668 2573 1779 2645 obser-

425 2690 512 2753 vata·
537 2667 633 2738 Dede
650 2662 816 2738 Roberval
833 2665 899 2733 duo
913 2669 1051 2737 maximi
1063 2673 1097 2738 ιιι
1108 2671 1146 2738 ιιι
1157 2663 1290 2765 spedlati
1303 2664 1388 2762 polle
1399 2667 1567 2735 admonuit
1585 2723 1596 2751 ,
1623 2671 1786 2741 nimitum

428 2760 490 2832 soli
511 2765 549 2830 in
570 2784 639 2856 quo
651 2756 685 2829 fit
695 2757 860 2830 subvestio
872 2780 1040 2846 naturam,
1054 2784 1123 2833 tum
1133 2781 1275 2832 totarum
1289 2761 1554 2856 magnitudinem.
1574 2764 1660 2831 Cum
1675 2762 1785 2835 solum

427 2852 560 2926 firmum
573 2855 637 2940 est,
650 2863 787 2949 majores
799 2875 877 2925 totae
891 2850 971 2923 nihil
982 2851 1100 2927 babent
1113 2881 1169 2926 cut
1182 2854 1358 2925 minoribus
1371 2876 1613 2948 anteponantur,
1621 2856 1678 2926 uisi
1689 2855 1787 2930 forte

428 2949 520 3046 quod
536 2953 570 3017 in
584 2949 630 3019 his
647 2947 783 3020 modioli
799 2974 873 3019 cum
887 2971 946 3018 axe
957 2956 1059 3042 major
1071 2947 1108 3022 lit
1122 2948 1277 3026 affiietus.
1297 2945 1424 3022 Vettlm
1439 2949 1471 3018 id
1535 2953 1639 3046 eparci
1651 2953 1698 3022 est
1709 2979 1784 3023 mo-

428 3047 530 3115 menti
544 3099 555 3130 ,
570 3068 645 3114 cum
657 3050 725 3117 axis
740 3043 785 3114 est
797 3040 943 3131 ferreus,
952 3051 987 3119 δι
999 3067 1106 3139 4ιιιιιιι
1120 3067 1232 3117 omnes
1243 3048 1379 3140 axungia
1390 3035 1461 3114 sunt
1518 3042 1591 3115 lita.
1614 3051 1726 3142 Atque
1741 3072 1777 3120 ut

428 3144 537 3228 major
549 3161 621 3210 tota
634 3143 802 3236 pauciores
822 3166 840 3210 a
917 3141 1070 3210 circuitus
1080 3139 1182 3234 quiam
1199 3163 1297 3234 patva
1316 3193 1327 3224 ,
1350 3137 1464 3233 aequali
1481 3160 1589 3208 tamen
1606 3140 1784 3214 velocitate

428 3236 465 3302 in
476 3254 559 3303 tetta
569 3256 741 3306 mouentut
756 3239 845 3331 petip
888 3237 953 3306 tia.
983 3238 1078 3329 Qin
1089 3239 1187 3308 etiam
1200 3237 1331 3325 majoris
1346 3254 1422 3304 tote
1437 3235 1561 3329 pondus
1575 3233 1679 3308 obelle
1692 3262 1781 3320 non,

429 3323 510 3398 nihil
530 3330 654 3425 potest,
678 3353 754 3399 cum
774 3353 854 3400 onus
868 3329 912 3398 est
931 3329 1047 3403 levius.
1124 3373 1127 3380 ·

479 3419 558 3494 Atfi
572 3418 680 3497 solum
694 3423 797 3522 ipsum
810 3421 910 3494 molle
925 3420 962 3495 fit
975 3432 1011 3496 δι
1026 3421 1185 3512 lutosum,
1197 3430 1287 3497 itaut
1300 3429 1387 3496 inid
1399 3426 1600 3523 aliquantum
1616 3452 1694 3503 rotae
1712 3429 1781 3503 des·

430 3517 589 3608 cendant,
607 3544 678 3591 tum
691 3516 950 3612 majoresinhot
963 3518 1222 3595 minoribussunt
1237 3543 1310 3591 ante
1355 3521 1488 3608 nendae,
1533 3524 1599 3595 uod
1618 3526 1696 3595 radii
1717 3527 1783 3603 sint

430 3611 567 3686 totidem
582 3617 687 3687 vestes
699 3617 736 3684 ιιι
748 3609 810 3686 iliis
823 3613 1009 3713 longiores,
1034 3640 1170 3713 queque
1180 3616 1262 3687 adeo
1273 3639 1306 3685 re
1398 3619 1477 3686 tiam
1489 3550 1549 3689 sdii
1563 3617 1688 3691 facilius
1703 3627 1784 3692 vin-

430 3709 523 3780 cunt.
543 3704 818 3806 Hypomochlion
837 3706 890 3779 seu
907 3709 1134 3784 fulcimentum
1145 3713 1244 3782 vedis
1255 3715 1351 3780 itt-eo·
1366 3711 1411 3781 est
1430 3715 1553 3808 pundio
1590 3713 1653 3783 uod
1672 3725 1781 3818 tangit

382 3881 384 3889 Ι
434 3821 514 3869 rotae
530 3802 800 3887 citcumfetentia,
810 3808 856 3872 vis
864 3807 981 3873 mottix
991 3811 1145 3876 incentto
1155 3803 1249 3903 ipsius
1256 3826 1346 3891 totae,
1359 3829 1422 3901 qua
1436 3829 1522 3903 parte
1535 3739 1651 3878 seilicet
1661 3805 1698 3878 lit
1711 3836 1777 3885 tra.

436 3893 803 3981 etio;res1stentiaestin
817 3920 857 3965 eo
871 3895 958 3982 loco,
965 3895 1019 3968 ubi
1028 3907 1131 3993 major
1141 3906 1282 3970 occurrit
1290 3896 1371 3970 obex
1384 3904 1555 3987 ,nimitum
1573 3906 1655 3972 inter
1670 3900 1779 4007 supre-

436 4010 524 4061 mam
535 3985 720 4060 &infimam
729 4010 818 4058 terrae
829 3989 985 4061 molliotis
999 4019 1069 4089 quae
1080 3990 1249 4066 scindenda
1261 3994 1329 4079 est,
1348 4018 1493 4093 partem,
1507 4004 1539 4067 δέ
1549 3993 1637 4092 quast
1651 4002 1687 4069 in
1702 4027 1778 4074 cen·

436 4103 489 4153 tto
501 4086 663 4183 gravitatis
674 4079 766 4178 ipliut
776 4081 970 4172 refillentiae,
985 4113 1084 4183 quam
1095 4097 1199 4184 major
1209 4092 1308 4160 vedtis
1318 4088 1563 4162 faciliusvineit.

485 4184 573 4252 Cum
591 4200 698 4248 autem
710 4200 748 4246 ex
763 4173 904 4250 firmiore
916 4175 985 4251 solo
1001 4187 1033 4253 ιιι
1048 4182 1179 4255 mollius
1197 4206 1268 4254 tota
1290 4180 1449 4258 descendit
1474 4239 1490 4268 ,
1514 4210 1572 4258 aut
1590 4188 1723 4262 vicillim
1739 4216 1781 4264 en

437 4273 579 4345 molliori
600 4279 633 4341 in
648 4270 791 4352 solidius,
812 4274 844 4342 id
868 4272 904 4345 fit
919 4300 974 4373 pet
990 4273 1149 4350 ascensum
1172 4279 1346 4373 quemdam
1368 4287 1401 4351 δι
1423 4275 1604 4354 descensum
1631 4285 1718 4380 quasi
1742 4294 1780 4361 in

436 4366 536 4465 plano
550 4366 704 4437 inclinato
725 4401 736 4456 ι
760 4389 894 4464 tumque
917 4376 1007 4442 vatia
1025 4369 1086 4443 elle
1102 4372 1228 4470 pollunt
1241 4376 1333 4443 unius
1357 4399 1419 4469 prae
1440 4374 1539 4446 alteta
1558 4403 1613 4448 aut·
1625 4403 1781 4452 commo-

438 4462 502 4626 gn,
529 4481 583 4530 aut
603 4463 838 4552 incommoda,
858 4489 928 4561 quae
954 4488 994 4535 ex
1017 4470 1116 4564 veile*
1130 4477 1164 4542 δι
1192 4467 1297 4567 plano
1316 4468 1472 4541 inclinato
1493 4474 1574 4543 intet
1597 4471 1629 4544 sc
1654 4476 1782 4552 collatis

462 4578 608 4630 ucuntut.
714 4591 723 4607 ·
769 4588 772 4595 ·

492 4652 554 4722 Sed
576 4649 630 4722 ubi
644 4648 748 4725 solum
771 4654 815 4723 est
834 4651 979 4752 asperum
998 4665 1032 4730 de
1051 4655 1188 4733 filicibus
1204 4654 1397 4737 salebrosum
1410 4715 1428 4747 ,ι
1444 4658 1688 4736 tumsnccullus
1700 4664 1784 4740 liunt

435 4743 599 4837 dulium,
612 4769 710 4847 atque
736 4746 786 4823 his
803 4743 994 4854 infecundis>
1007 4760 1146 4848 majotec
1168 4768 1255 4835 totas
1278 4751 1340 4860 elle
1358 4761 1461 4854 magu
1481 4757 1619 4852 idoneae.
1634 4785 1677 4871 ex
1708 4760 1787 4877 'latni-

1757 4879 1789 4932 tt
