3646 5430
381 291 715 382 seruantia
779 302 1295 384 nrsrortrszrurv.
1484 312 1547 394 ns

172 396 256 476 ders
274 397 340 475 vidi
362 401 398 473 ln
418 403 603 476 Normania
620 405 753 474 rusticos
768 421 882 497 parato
909 406 958 472 uti
980 402 1125 473 rmsedio
1145 399 1292 476 adversita
1318 411 1438 478 canum
1459 402 1542 475 rabi·
1559 398 1674 468 ΑΜ-
1797 476 1801 481 .

173 496 298 573 dorum
323 493 469 571 morsus:
489 496 644 597 exsugunt
669 497 856 596 sanguinem
877 505 911 570 δι
935 494 1032 570 salem
1057 496 1184 569 vulneri
1207 501 1381 597 imponunt
1400 523 1477 570 urm
1504 500 1542 573 ii,
1558 510 1639 568 tons.
1675 544 1685 588 [

200 615 305 669 arura.
761 612 764 615 “
1077 594 1161 655 .·”
1288 650 1291 658 .
1535 650 1539 662 .

172 612 201 732 β
222 693 304 764 111.
327 693 445 787 loquo
457 686 596 787 politum
606 683 744 759 firvrms
754 691 987 788 viperevranin
998 686 1096 762 sueto
1105 685 1197 760 flavo
1206 687 1451 762 astruamus
1461 695 1542 764 card

172 786 607 876 eontcnto3urvirlet'url).
619 784 704 856 Redi
714 839 724 872 ,
736 808 778 855 an
789 780 993 886 inspinnlsus
1004 789 1124 885 uiperae
1145 786 1297 870 irritatis,
1314 785 1369 855 diu
1381 790 1541 885 agitatum

174 880 254 954 fuiti
277 882 325 955 D.
341 882 466 956 charas
484 882 652 978 posteriori
661 879 838 979 ‘recedebat
854 880 1014 954 sternentia
1026 902 1038 970 ,·
1052 886 1152 977 qnam
1164 885 1199 950 in
1218 878 1293 952 libri
1311 875 1357 952 sui
1371 883 1411 952 de
1429 887 1541 981 vipera

174 978 340 1081 postrema
353 977 514 1063 editione,
528 979 694 1073 eriisqmr
704 970 959 1049 sibiacciderunt
972 972 1289 1051 uberiusconfirmat.
1445 1044 1448 1049 .

178 1133 181 1137 .
200 1090 202 1095 ·
227 1077 314 1148 trec
330 1073 464 1173 quaestio
481 1070 624 1143 multum
641 1071 998 1162 morimonianus,
1016 1093 1116 1168 atque
1137 1096 1176 1143 ex
1196 1076 1293 1144 variis
1307 1072 1541 1174 ⁴esperimentir

176 1161 553 1265 lllittrsolutioquaesrta:
569 1164 882 1265 quaderesuperius
894 1172 1030 1264 egimus
1278 1222 1320 1243 a,

177 1282 182 1289 '
226 1266 297 1341 lv.
329 1268 406 1341 Nec
431 1266 549 1336 minori
561 1266 746 1334 animorum
766 1267 977 1335 contentione
992 1266 1033 1336 de
1060 1257 1267 1357 respiratione
1293 1267 1328 1335 in
1347 1265 1432 1341 foem
1451 1279 1485 1344 dc
1505 1276 1542 1343 in
1579 1278 1581 1284 '

177 1361 337 1455 testudine
349 1420 360 1451 ‚
372 1386 410 1431 ac
423 1364 462 1432 de
475 1355 531 1429 usu
546 1358 647 1429 ovalis
660 1357 848 1445 foraminis,
895 1360 960 1430 uod
984 1381 1072 1461 patet
1093 1359 1113 1429 d
1130 1358 1301 1430 ventriculi
1312 1360 1417 1434 dextri
1438 1369 1543 1440 cordis

176 1457 324 1529 writola
335 1458 377 1528 ad
392 1478 509 1527 venam
521 1453 737 1552 pulmonum,
752 1453 794 1524 de
806 1385 911 1526 canili
934 1463 991 1552 qui
1012 1453 1056 1526 ab
1073 1459 1193 1525 armiae
1206 1453 1398 1550 pulmonum
1426 1485 1543 1535 trunco

177 1555 216 1624 ln
226 1556 366 1625 Aortam
380 1548 622 1621 descendentem
636 1547 769 1636 desinit,
786 1552 870 1620 inter
890 1550 1092 1648 peritissimos
1107 1551 1321 1623 Anatomicos
1332 1551 1544 1654 disceptatum

178 1644 259 1722 iuis.
277 1649 402 1722 Utrum
417 1652 441 1718 ii
457 1645 570 1715 annus
581 1644 785 1715 circulationi
801 1642 958 1743 sanguinis
984 1653 1028 1719 ira
1052 1643 1113 1718 sint
1129 1646 1300 1731 destinati,
1330 1671 1367 1718 ut
1386 1648 1484 1724 fotus
1506 1663 1545 1728 de

179 1742 375 1816 relltadotliu
387 1746 498 1814 vivant
528 1739 735 1836 pulmonibus
748 1746 886 1810 omnino
899 1741 1088 1830 reflantibus
1106 1800 1117 1831 ,
1134 1740 1226 1836 qood
1247 1740 1391 1839 sanguini
1408 1772 1467 1845 per
1484 1749 1544 1822 lroe

174 1832 298 1911 dumis
308 1838 391 1911 liber
414 1856 521 1936 pateat
533 1834 668 1906 aditura
687 1860 769 1906 sena
789 1859 867 1905 cava
886 1835 926 1908 etl
941 1863 1056 1910 senam
1079 1839 1294 1933 pulmonum,
1324 1846 1357 1910 δι
1373 1841 1544 1918 abarteria

171 1934 378 2036 pulmonum
391 1939 425 2005 in
442 1935 605 2004 llorramt
624 1957 666 2001 an
682 1929 767 2002 sorte
781 1928 881 2001 alium
902 1931 1041 2006 habeant
1055 1933 1145 2007 usum
1168 1946 1182 2004 l
1203 1930 1285 2002 illud
1307 1936 1438 2029 quidem
1455 1943 1544 2011 citor
1675 2010 1678 2012 .

175 2026 275 2101 usum
296 2031 513 2130 respirationis
536 2034 580 2099 D.
597 2032 695 2126 Mery
712 2032 745 2098 in
753 2028 851 2123 ‚nois
863 2026 977 2100 mensis
992 2034 1106 2104 Martii
1128 2057 1161 2128 p.
1177 2059 1217 2124 34
1239 2032 1405 2103 contendit
1425 2031 1544 2108 fretum

177 2129 215 2200 ln
226 2146 323 2199 utero
341 2131 452 2200 matris
473 2121 661 2196 conclusum
675 2148 729 2218 per
744 2129 854 2194 matris
870 2123 1040 2223 pulmones
1052 2119 1340 2224 respirare,neque
1360 2127 1403 2197 ad
1421 2134 1543 2201 circui-

175 2236 253 2294 tum
270 2213 430 2321 sanguinis
450 2224 556 2290 minus
575 2217 779 2290 necessariam
792 2218 853 2288 elle
867 2218 1104 2316 respirationem
1116 2227 1148 2291 in
1162 2223 1267 2304 fotu,
1287 2230 1544 2317 quaminmatre

176 2315 250 2415 ipsa
270 2351 281 2406 3
305 2315 462 2415 siquidem
480 2314 534 2387 ille
547 2341 603 2413 per
618 2313 800 2411 placentam
820 2320 901 2387 uteri
920 2321 1060 2386 materni
1078 2314 1182 2387 fundo
1194 2311 1456 2392 adluerescenoem
1475 2346 1543 2393 una

178 2419 384 2485 commatris
407 2434 544 2511 corpore
563 2417 607 2482 ita
620 2409 844 2498 conneclitur,
867 2432 904 2482 ut
917 2436 974 2508 per
983 2408 1164 2481 funiculum
1175 2407 1394 2483 umbilimlem
1417 2460 1430 2502 -‚
1450 2425 1543 2507 cuju

172 2502 364 2580 extremum
384 2529 485 2579 unum
506 2511 540 2576 in
563 2506 743 2605 plaoensam
758 2503 920 2591 ‚alterum
938 2511 972 2576 in
991 2502 1184 2577 umbilicum
1202 2500 1337 2592 definit,
1353 2502 1409 2577 sam
1433 2516 1544 2584 uinem

175 2596 1333 2797 1111ἐέ11111“ς“ἒ“ὲῖ,ἒ11111ἒ111ἲ11111ῗὲὶῖἙὶ
1343 2601 1543 2793 ‘insidii
1610 2705 1618 2732 ³

179 2797 281 2865 Vena
294 2787 475 2893 sanguinem
487 2793 528 2864 ab
542 2793 665 2862 arteriis
675 2796 758 2860 uteri
770 2797 889 2891 excipit
901 2849 912 2880 ‚
925 2786 1222 2891 atque'alsotraque
1238 2794 1353 2862 arteria
1366 2791 1544 2867 umbilicali

172 2881 311 2986 fingor
322 2887 419 2960 sotus
433 2894 466 2959 in
505 2889 662 2960 laternam
678 2943 688 2972 ,
703 2883 779 2957 hinc
790 2891 823 2957 in
834 2911 935 2960 venas
947 2894 1028 2960 uteri
1041 2911 1174 2962 remeat,
1286 2947 1290 2951 .

224 2991 278 3083 11.
316 2987 353 3055 ld
375 3008 456 3056 sero
475 2914 636 3083 sapefuit
663 2982 685 3052 ὲ
711 2986 757 3056 Ι).
782 2986 879 3080 Mery
903 2981 1104 3058 observatum
1126 3041 1136 3071 ,
1158 2988 1196 3067 ‘in
1222 3009 1312 3082 parte
1333 2984 1472 3060 fortioris·
1495 2993 1543 3063 ita

175 3079 364 3179 compressa
379 3136 390 3169 ‚
409 3104 526 3153 utnon
541 3073 636 3175 poll'tt
648 3072 773 3176 sanguis
783 3074 826 3148 ab
839 3101 931 3150 utero
949 3088 1059 3152 matris
1070 3083 1104 3149 in
1119 3079 1237 3152 fretum
1257 3107 1462 3173 commeare,
1477 3086 1541 3156 lia·

180 3181 246 3249 tim
262 3179 422 3253 infantem
439 3179 602 3275 extingui,
624 3170 645 3242 sr
664 3198 759 3271 caput
772 3180 855 3245 intra
871 3197 1002 3247 aterum
1023 3176 1074 3247 sel
1087 3176 1175 3248 illius
1191 3177 1336 3249 canalem
1349 3180 1541 3254 conclusum

177 3293 343 3347 teneatur.
367 3277 411 3344 rlt
431 3269 453 3343 fi
478 3271 566 3343 foras
586 3272 697 3339 exierit
712 3291 810 3367 caput
825 3325 835 3356 ,
853 3296 919 3340 non
931 3296 1100 3368 propterea
1120 3279 1257 3343 moritur
1272 3272 1407 3363 infans,
1430 3301 1539 3373 quan.

177 3375 306 3443 rumsis
320 3365 477 3440 funiculus
490 3388 651 3463 prematur
664 3364 685 3433 Ta
697 3365 824 3460 reliquo
835 3390 970 3460 corpore
983 3374 1020 3438 in
1031 3368 1101 3466 ipso
1110 3365 1242 3440 transitu
1253 3370 1403 3439 nortus.
1427 3378 1538 3467 nsque

179 3462 281 3561 limus
292 3461 425 3538 effecius
437 3469 489 3535 six
502 3461 562 3532 alia
573 3455 679 3530 afferri
694 3457 783 3529 causa
802 3462 924 3558 potest,
939 3488 1038 3560 quam
1060 3463 1273 3562 respirationis
1294 3468 1329 3532 in
1352 3462 1433 3536 fretu
1448 3489 1485 3538 ut
1501 3469 1536 3539 in

178 3583 290 3636 uncte
304 3559 467 3631 neccllitas
480 3561 582 3645 ,adeo
594 3579 629 3625 ot
644 3558 697 3625 a‘c'r
709 3579 772 3624 una
785 3579 859 3625 cum
873 3553 1177 3654 sanguinematerno
1189 3558 1354 3650 permisisse
1365 3564 1536 3634 circuitum

177 3651 346 3823 sanguinis
359 3661 392 3726 in
409 3655 490 3726 fretu
507 3650 808 3752 promoveat,dum
819 3652 1132 3747 pulmonesomnino
1145 3649 1274 3725 cessant.
1498 3724 1504 3730 ,

265 3775 320 3822 om
339 3775 448 3822 autem
462 3756 495 3820 in
508 3770 598 3848 partu
614 3771 670 3815 cor
683 3744 813 3816 infantis
826 3742 1002 3820 sarisnrbet
1011 3747 1135 3819 roboris
1146 3770 1180 3818 ut
1194 3743 1352 3845 sanguinis
1367 3753 1538 3823 circuitum

183 3842 327 3936 dieitt,
345 3869 382 3918 ut
407 3852 511 3942 capite
523 3843 610 3914 foras
626 3839 755 3939 prolato
769 3839 895 3940 spiritus
906 3843 1060 3914 animales
1074 3842 1166 3932 huius
1184 3867 1297 3916 motus
1319 3842 1451 3941 opifices
1471 3851 1540 3921 vim

179 3939 277 4018 suam
285 3965 417 4014 exerunt
430 3941 610 4038 ,sanguinis
621 3937 789 4007 circulatio
802 3962 868 4008 non
880 3938 1046 4040 ampliora
1061 3963 1207 4013 materno
1221 3939 1336 4037 pendet
1347 3936 1513 4039 sanguino·

180 4070 184 4076 ·
227 4045 293 4115 Vl·
333 4045 448 4135 ltaque
475 4043 500 4108 is
523 4030 658 4130 negabat
687 4038 721 4103 in
753 4031 836 4104 soetu
860 4032 946 4106 hunc
969 4033 1030 4107 else
1048 4033 1143 4106 usum
1172 4034 1276 4108 ovalis
1305 4034 1478 4111 foraminis
1501 4047 1541 4114 ⁸!

167 4138 307 4210 ¹'canalis
323 4141 406 4205 inter
427 4137 576 4207 arteriam
604 4126 797 4226 pulmonum
821 4139 855 4203 de
877 4153 1004 4202 aorram
1033 4154 1105 4222 ,ut
1131 4130 1342 4233 respirationis
1374 4133 1538 4207 desedisset

183 4231 378 4331 suppleant:
398 4227 554 4325 liquidem
574 4226 639 4295 urs
660 4247 735 4294 cum
756 4247 858 4296 ntarre
880 4224 1009 4323 respirat
1030 4238 1063 4300 &
1086 4251 1187 4300 unum
1209 4228 1299 4301 velut
1319 4252 1435 4326 corpus
1464 4254 1540 4303 cum

180 4327 244 4402 illa
264 4323 375 4400 efficit.
399 4330 492 4398 Nam
505 4321 560 4394 ubi
584 4323 650 4392 aeri
673 4325 908 4392 commercium
929 4327 963 4392 iu
981 4321 1117 4395 frnnun·
1140 4320 1294 4423 prrffione
1313 4329 1540 4424 intercipitur,

180 4424 337 4498 nmmo
351 4427 497 4491 moritur.
525 4420 726 4505 Quinetiam
739 4411 873 4486 inflantis
885 4414 1089 4513 capiteforas
1112 4422 1317 4520 prodeunte,
1343 4416 1541 4493 &funiculo

185 4519 231 4594 ab
243 4522 335 4590 omni
355 4514 512 4614 pressione
525 4515 648 4598 libero,
668 4507 690 4580 fi
709 4510 786 4605 quid
798 4509 905 4608 obstet
946 4521 1094 4587 uominus
1107 4518 1268 4587 oreducat
1284 4518 1359 4584 a'e'ra
1372 4515 1540 4602 ,statimit

182 4621 302 4694 vivere
321 4611 436 4684 desinit
458 4668 470 4698 ,
498 4606 623 4685 tauers
638 4614 679 4681 dr
700 4604 851 4683 foma
868 4537 968 4686 ovile
978 4617 1012 4688 dr
1024 4611 1145 4690 maala
1160 4613 1220 4686 diu
1233 4629 1348 4710 pateut
1369 4608 1542 4716 postquam

177 4709 476 4816 mamilio-farte,
