3646 5430
290 368 349 466 ιιι
612 377 809 446 nscia
848 366 1304 446 scisurtanun

158 481 273 558 Anu,
291 476 474 570 liquationis
496 466 659 568 progressu
678 463 847 538 observatu
858 469 1034 538 admodum
1046 460 1174 536 difficile
1197 461 1271 534 suit.
1301 466 1405 559 Aquae
1421 487 1505 562 pene
1529 486 1635 540 omna

159 580 252 666 1684.
290 593 359 640 tum
374 569 499 654 crudae,
523 588 592 636 tum
618 563 758 649 elixatae,
781 565 862 659 pene
875 568 958 631 intra
972 585 1074 633 unum
1097 559 1183 630 horae
1212 564 1376 630 minutum
1400 565 1510 658 prima
1527 559 1630 657 glac'ei

288 664 421 734 stamina
437 667 470 733 in
485 659 565 732 vasis
578 658 774 758 superficiem
791 667 1005 753 projecerunt.

340 762 436 853 Aqua
447 754 676 851 aluminispoll
692 758 757 823 duo
774 753 839 822 sere
853 752 937 822 horat
950 755 1075 822 minuta
1087 787 1098 841 3
1112 755 1226 823 vinum
1248 751 1320 848 post
1341 776 1377 822 ιο
1399 774 1456 823 aut
1469 781 1529 840 tr,
1556 778 1626 850 aqua

285 853 408 950 spiritui
423 857 488 924 tini
500 851 629 921 admista
644 851 714 946 post
737 848 919 918 thoracum
935 847 1138 918 intervallum
1154 902 1165 933 ,
1187 871 1273 942 aqua
1287 842 1349 916 sale
1370 853 1538 920 communi
1550 848 1621 923 exsa-

283 956 363 1021 tiata
375 975 440 1021 non
463 950 568 1046 potuit
588 950 622 1014 in
639 945 775 1040 glaciem
788 938 990 1014 concrescere
1001 941 1077 1028 ,nist
1092 943 1263 1040 postquam
1279 965 1371 1012 novae
1380 939 1619 1039 aqueaffusooe

283 1042 347 1115 suit
361 1043 547 1128 debilitata3
567 1062 638 1111 tum
659 1044 747 1108 enim
766 1037 958 1135 conglaciari
979 1042 1079 1134 coepit
1099 1037 1166 1109 fere
1180 1060 1214 1106 ut
1232 1060 1320 1132 aqua
1339 1062 1418 1107 eum
1439 1035 1552 1138 spiriru
1567 1044 1617 1113 riui

307 1139 445 1211 ermista.
479 1139 632 1207 Idunum
646 1129 848 1206 observatum
863 1129 952 1217 snit,
977 1157 1096 1227 aquam
1114 1158 1184 1228 quae
1204 1155 1279 1202 ante
1294 1128 1464 1205 ebullierat
1482 1191 1495 1222 ,
1517 1157 1616 1232 conge

284 1165 406 1304 latione
423 1234 585 1302 duriorem
603 1228 689 1299 effici
703 1236 737 1300 δι
765 1230 866 1321 magis
884 1224 958 1323 pers
974 1231 1104 1315 icuam,
1122 1229 1210 1323 quod
1226 1231 1270 1297 D.
1286 1227 1430 1299 Perrault
1442 1231 1515 1301 limi
1526 1235 1616 1327 pteri-

283 1332 436 1426 pirationi
450 1325 546 1398 refert
560 1349 740 1421 acceptum.
773 1323 838 1393 Alii
852 1254 1058 1392 inclusae'ris
1068 1322 1261 1394 exhalationi
1276 1321 1364 1392 hunc
1376 1321 1524 1405 ttffiurtnt
1538 1322 1615 1396 effet-

284 1447 377 1509 tum,
399 1423 520 1518 quade
542 1447 575 1491 re
596 1420 701 1517 postea
714 1422 867 1491 dicemus.
909 1416 1038 1487 Solutio
1048 1419 1224 1504 aluminis,
1247 1439 1303 1487 attt
1322 1413 1392 1488 salis
1404 1424 1545 1508 marini,
1565 1426 1615 1492 ini

283 1522 397 1591 uinum
409 1514 512 1614 ipsum
528 1514 694 1613 congelata
710 1509 950 1612 magistutbida
965 1508 1136 1595 visasint,
1153 1510 1208 1582 ubi
1220 1509 1322 1582 soluta
1332 1513 1375 1583 est
1388 1512 1519 1610 ghcies,
1535 1518 1616 1612 quim

284 1635 410 1684 anteco
475 1613 654 1698 lationem,
676 1613 766 1705 quod
787 1631 890 1705 partes
905 1630 1034 1679 terrenae
1053 1618 1086 1682 δι
1109 1606 1211 1678 craslae
1233 1605 1423 1680 ebullitione
1438 1611 1571 1706 quidem
1588 1609 1618 1683 th

283 1639 636 1806 aquofisnsdparetstur,
662 1701 714 1775 sed
733 1703 809 1776 sales
824 1707 881 1798 qui
896 1703 966 1775 sunt
980 1709 1081 1801 magis
1095 1701 1264 1791 solubiles,
1287 1728 1362 1773 cum
1378 1729 1399 1773 a
1469 1702 1510 1777 lis
1522 1709 1621 1780 ardiut

283 1807 449 1895 conjuneli
465 1801 591 1873 obstant
612 1806 785 1897 quominus
803 1822 905 1898 partes
923 1800 984 1869 illae
998 1803 1155 1871 terrestres
1177 1799 1216 1866 ad
1234 1803 1339 1869 imum
1359 1824 1398 1869 ca
1440 1822 1478 1870 nt
1491 1806 1625 1899 precipi-

283 1920 329 1969 tes
346 1928 355 1970 ε
372 1921 501 1970 namcae
516 1921 645 1968 manent
667 1901 701 1965 in
722 1898 830 1966 medio
852 1893 982 1990 pensiles
1006 1951 1016 1980 ,
1052 1892 1268 1967 &turbidum
1289 1893 1455 1990 liquorem
1478 1895 1623 1970 exhibent.

282 1994 369 2065 Sales
385 2018 517 2089 quoque
530 1994 704 2065 tardiorem
725 1988 868 2061 efficiunt
884 1991 1166 2086 congelationem:
1193 1987 1268 2060 licet
1288 1995 1376 2060 enim
1400 1995 1436 2062 in
1452 1988 1625 2091 corporibus

283 2085 427 2159 humoris
440 2085 644 2184 expertibus,
669 2091 703 2154 in
718 2083 832 2182 quibus
845 2079 1006 2155 abundant
1030 2087 1187 2156 terrestres
1202 2083 1363 2182 particulae
1374 2141 1386 2173 ,
1397 2082 1444 2157 sal
1462 2083 1501 2159 fit
1519 2111 1625 2184 conge·

281 2180 408 2252 lationis
430 2185 621 2280 principium
636 2237 646 2268 ,
661 2178 715 2251 ubi
740 2201 843 2278 partes
857 2172 960 2246 salinae
973 2204 1047 2250 cum
1060 2184 1191 2251 terrenis
1202 2182 1319 2252 aetius
1356 2181 1438 2251 edm
1450 2179 1625 2255 intersecu-

282 2277 425 2350 haerent:
444 2275 499 2347 ubi
511 2298 619 2346 tamen
634 2272 701 2346 salis
718 2271 878 2373 particulae
900 2270 971 2346 sunt
986 2273 1170 2360 uberiores,
1187 2284 1220 2348 &
1259 2208 1549 2351 uasidominanmr
1565 2333 1577 2368 ,
1594 2300 1625 2350 ut

281 2377 315 2445 in
330 2369 392 2442 sale
408 2375 597 2457 communi,
611 2394 681 2442 tum
701 2392 816 2464 corpus
836 2373 869 2438 in
885 2367 1020 2440 humido
1038 2366 1210 2440 exsolubile
1224 2396 1240 2441 e
1281 2376 1368 2446 ciunt
1377 2429 1390 2461 ,
1417 2379 1558 2472 corporis
1569 2373 1625 2442 hu·

283 2469 363 2539 midi
383 2468 572 2539 fluiditatem
588 2487 739 2550 tuentur,
760 2487 858 2556 atque
876 2472 943 2555 ejus
967 2469 1209 2536 concretionem
1225 2464 1383 2542 inhibent.
1415 2469 1473 2541 Sal
1504 2469 1623 2567 quidem

282 2568 424 2636 marinus
438 2589 512 2634 cum
531 2560 677 2658 chalybis
689 2559 837 2630 limaturd
851 2614 861 2644 ,
875 2584 986 2647 aceto,
1011 2566 1097 2632 vitro
1113 2559 1249 2632 contuso
1257 2565 1425 2656 permistus
1438 2586 1622 2637 crementum

282 2657 403 2745 efficit,
426 2660 515 2754 quod
531 2660 565 2727 in
576 2658 661 2752 aqui
679 2680 747 2726 uon
766 2649 942 2728 dissolvitur
956 2656 1064 2746 ,idem
1081 2677 1190 2727 tamen
1206 2679 1296 2755 aquae
1311 2663 1552 2734 concretionem
1566 2668 1622 2736 int.

281 2756 377 2849 pedit.

283 2843 1623 3046 vesilsslli‚spissos'lslffle‘lll{llilssn‘sslililffiim'alffi'ssffiss

284 3065 350 3111 non
363 3038 469 3123 abire,
483 3042 533 3110 sed
548 3035 651 3109 inillis
672 3060 775 3133 partes
796 3041 1009 3138 conglaciatas
1023 3044 1057 3110 in
1081 3036 1242 3126 lamellas,
1264 3046 1373 3111 autin
1398 3043 1530 3138 grarmla
1554 3071 1620 3119 cum

283 3135 425 3232 partibus
445 3136 589 3206 nondum
611 3132 817 3229 conglaciatis
837 3136 960 3207 misceri
979 3169 988 3222 3
1010 3131 1231 3232 congelatione
1253 3137 1382 3231 petasii
1404 3136 1523 3233 glacies
1536 3139 1620 3242 spon-

280 3227 367 3326 giosa
388 3255 521 3318 maner,
544 3238 577 3301 δε
595 3227 631 3298 lit
644 3228 808 3321 inaequalis
821 3234 986 3301 concretio
1001 3289 1011 3320 ,
1027 3232 1117 3326 quod
1130 3251 1233 3326 partes
1247 3230 1318 3302 alite
1330 3232 1402 3306 aliis
1419 3235 1537 3308 tardius
1550 3263 1617 3310 cou-

279 3321 438 3410 crescant,
459 3352 518 3398 nec
534 3323 605 3394 satis
618 3347 693 3419 apte
706 3328 788 3392 inter
804 3319 835 3397 se
845 3324 1034 3399 cobaereant.
1064 3330 1155 3400 Nam
1178 3322 1232 3416 ubi
1255 3321 1361 3398 sauna
1376 3352 1484 3424 partes
1497 3355 1616 3404 arcura·

278 3432 341 3496 tius
357 3418 588 3506 dillolvuntur,
602 3417 647 3489 ibi
671 3415 832 3491 difficilior
852 3421 897 3491 est
913 3421 1118 3519 congelatio,
1147 3427 1182 3492 δι
1203 3443 1306 3518 partes
1404 3425 1482 3495 dam
1504 3431 1614 3500 interim

278 3538 413 3593 manem
424 3514 447 3587 li
473 3517 550 3586 uidae
563 3518 646 3586 inter
667 3514 744 3585 alias
760 3520 829 3605 jam
849 3516 951 3612 glacie
973 3539 1150 3589 concretas.
1184 3519 1209 3583 Α
1239 3540 1278 3586 ua
1293 3511 1332 3587 sal
1348 3527 1416 3590 a&
1434 3543 1477 3589 co
1564 3529 1614 3594 iata

277 3612 359 3687 nihil
378 3611 417 3683 de
433 3544 585 3710 silsugine
597 3605 654 3682 sua
666 3633 721 3681 aut
735 3615 945 3685 amaritudine
957 3616 1102 3684 amittere
1115 3610 1180 3682 visa
1199 3543 1244 3682 ed
1265 3665 1277 3698 ,
1303 3613 1480 3710 postquam
1518 3624 1612 3717 iquata

277 3711 353 3782 suit.

278 3853 284 3864 ·
327 3836 352 3894 ι.
381 3806 482 3899 Aque
497 3804 647 3874 aluminis
665 3802 843 3900 superficies
861 3807 980 3901 rigente
998 3802 1118 3903 frigore
1131 3803 1218 3874 velut
1230 3801 1310 3874 albis
1320 3799 1456 3877 floribus
1465 3800 1608 3908 conspeh

278 3902 449 3998 apparuit,
470 3904 526 3993 qui
551 3896 630 3966 nihil
654 3923 747 3971 erant
774 3922 885 3992 praeter
902 3897 1030 3971 alumen
1052 3907 1084 3970 in
1106 3895 1324 3971 tenuissimum
1348 3899 1518 3993 pulverem
1535 3929 1607 3974 eou-

278 4001 439 4065 minutum
462 4021 470 4064 s
495 3993 585 4088 quod
596 4016 714 4090 magno
728 3997 771 4064 est
788 4019 978 4091 argumento
997 3996 1134 4094 glaciem
1151 4019 1212 4093 prae
1232 3991 1272 4064 ssi
1296 4016 1352 4063 ore
1374 3997 1606 4070 multumesha·

279 4091 344 4161 lare
365 4117 374 4160 ε
389 4083 431 4157 sal
446 4092 574 4158 interim
587 4111 674 4157 terrae
686 4089 838 4174 adhaeret,
854 4093 929 4158 dum
943 4117 1026 4185 aqua
1039 4089 1199 4178 difflatur,
1214 4112 1250 4160 ut
1262 4019 1297 4159 sl
1311 4093 1345 4160 in
1358 4091 1605 4180 distillationibus,

278 4188 335 4260 ubi
352 4183 505 4285 phlegma
517 4205 590 4254 ante
607 4179 751 4279 spiritum
762 4182 880 4254 sursum
889 4182 1031 4260 effertur.

322 4313 357 4374 4.
388 4285 453 4353 Die
468 4303 505 4366 ¹7
520 4280 662 4373 januarii
676 4305 771 4351 mane
789 4303 864 4351 cum
879 4277 980 4454 frigus
997 4279 1070 4352 esset
1082 4287 1294 4369 acerrimum,
1313 4281 1403 4376 quod
1424 4307 1533 4357 tameo
1550 4281 1605 4383 poll

276 4380 443 4452 meridiem
461 4378 579 4444 remitti
595 4381 693 4472 coepit
709 4430 719 4461 ,
737 4400 853 4474 magna
866 4379 898 4445 in
935 4375 1036 4448 uobus
1053 4379 1197 4475 pendulis
1211 4379 1327 4449 accidit
1348 4385 1508 4452 mutatiot
1524 4402 1605 4452 unum

275 4484 414 4547 enimex
430 4475 466 4540 iis
479 4475 605 4541 moveri
618 4469 728 4558 desiit,
747 4474 781 4540 in
797 4471 900 4542 altero
922 4473 1004 4542 istus
1022 4471 1129 4545 mallei
1146 4477 1298 4544 tardiores
1313 4471 1369 4543 vist
1389 4474 1473 4549 sunt.
1513 4478 1607 4546 Tettio

275 4596 350 4645 ante
365 4574 416 4639 die
435 4561 618 4637 subortum
641 4564 714 4636 solis
736 4592 810 4638 cum
831 4564 1038 4665 asperrimum
1059 4567 1253 4667 essetfrigus
1268 4625 1278 4655 ,
1295 4569 1463 4643 malleolus
1475 4576 1563 4643 unius
1576 4591 1607 4643 tt

275 4665 451 4763 horologiis
474 4685 541 4734 non
560 4660 698 4758 amplius
716 4660 810 4733 ferire
824 4670 929 4760 potuit
941 4662 1215 4751 tintinnabulum,
1235 4660 1286 4734 sed
1307 4665 1447 4740 admoto
1465 4669 1609 4767 adigrteut

275 4759 447 4860 horologio
458 4756 575 4834 buum
586 4779 623 4832 ut
635 4779 728 4831 antea
742 4758 853 4834 edidit.
864 4757 956 4835 Illud
967 4759 1011 4833 est
1026 4755 1248 4865 observatione
1259 4761 1395 4860 dignum
1414 4761 1485 4843 bec
1497 4765 1610 4843 etttu'te.
