3646 5430
411 354 484 465 '44¹
715 363 927 440 'REGlAE
991 359 1435 438 SCIENTIARUM

283 463 347 540 riu
361 491 398 539 u.
414 459 625 538 servatoribus
640 462 675 533 in
690 458 905 534 remotissimis
921 483 1012 533 terrae
1029 461 1108 531 locis
1122 461 1300 532 constitutis
1322 457 1485 559 eclipsruin
1508 457 1772 550 observationes}

284 571 377 638 1668.
412 586 452 634 ex
471 584 608 659 quarum
623 562 864 658 comparatione
885 551 1072 628 differentia:
1085 557 1325 653 longituninum
1347 556 1453 628 molid
1476 556 1627 645 exactius,
1646 557 1772 629 mulib-

439 683 478 741 υς
504 652 705 754 frequentirls
730 654 980 725 determinentur
1001 654 1104 746 quim
1120 655 1181 723 alia
1202 657 1313 747 quavis
1338 651 1490 725 badbenus
1513 651 1673 750 proposita
1696 679 1770 725 me·

413 776 426 826 t
452 755 528 827 odo.
551 760 591 826 Et
615 751 727 822 exinde
751 752 802 847 agi
820 771 964 847 coptum
984 749 1030 820 est
1049 748 1087 819 de
1110 749 1272 822 mittendis
1290 741 1346 818 sub
1365 750 1465 845 Regis
1489 747 1772 821 munificenriffimi

266 862 273 870 ⁴
413 853 596 948 patrocinio
608 852 642 919 in
654 841 789 916 diversas
801 843 888 916 orbis
911 848 1015 941 partes
1041 839 1310 918 Observatoribus
1323 851 1379 941 qui
1393 843 1608 943 longitudines
1618 842 1770 919 locorum

412 946 454 1016 ad
469 940 682 1043 Geograplriae
696 949 731 1016 dt
744 943 787 1011 rei
799 943 949 1013 Nautieae
1009 941 1199 1012 rfedliouem
1213 937 1428 1014 observarent.

459 1046 534 1112 Vll.
548 1039 647 1110 Circa
661 1039 883 1134 idemtempus
898 967 1016 1133 prodiit
1030 1034 1125 1109 Liber
1143 1036 1259 1135 gallici
1276 1030 1409 1131 scriptus
1425 1035 1468 1107 ab
1486 1035 1613 1110 erudito
1634 1040 1705 1106 viro
1721 1039 1773 1112 D.

416 1140 529 1230 Denys
544 1130 705 1233 Deppenfi
726 1190 737 1221 ,
757 1141 847 1226 cujus
857 1130 966 1203 titulus
982 1133 1040 1219 est,
1050 1137 1108 1202 Ars
1118 1133 1287 1230 navigandi
1301 1156 1509 1202 numerorum
1522 1158 1585 1229 ope
1618 1130 1770 1229 rrsptsta.

414 1237 462 1307 D.
475 1230 615 1303 Frenicle
630 1253 759 1318 rogatus
772 1227 813 1298 ab
831 1227 1006 1299 Academia
1019 1227 1105 1299 hunc
1126 1225 1259 1297 Librum
1274 1224 1414 1311 evolvit,
1430 1235 1465 1298 ὅ(
1483 1160 1776 1300 animadverfiones

412 1323 480 1398 suas
492 1320 612 1424 scripto
624 1308 755 1398 tra'didit
777 1347 848 1421 quae
868 1328 901 1395 in
924 1325 1188 1398 Commentarios
1204 1317 1275 1393 lunt
1298 1321 1414 1393 relarae.
1442 1324 1551 1412 Multa
1571 1319 1650 1393 scitu
1672 1325 1771 1419 digna

406 1425 497 1492 *circa
517 1416 671 1508 sinuum,
692 1425 893 1518 tangentium
913 1427 947 1491 dt
972 1415 1147 1490 secantium
1168 1417 1348 1488 docuinam
1373 1426 1407 1490 δι
1426 1418 1591 1504 calculos,
1612 1417 1773 1491 nonnullo

410 1518 524 1589 itidem
551 1521 636 1588 circa
663 1515 889 1614 Logarithmos
911 1512 952 1586 ab
974 1516 1088 1586 eodem
1103 1518 1175 1585 viro
1190 1509 1313 1584 deuiis.
1335 1517 1378 1585 D·
1404 1513 1546 1584 Frenicle
1565 1512 1635 1584 sunt
1659 1507 1775 1585 obser·

409 1634 484 1683 vata
496 1668 508 1698 ,
522 1637 593 1710 quae
612 1611 750 1709 longum
763 1607 839 1683 ess'et
849 1604 1035 1681 exscribere.
1060 1615 1148 1681 Inter
1162 1609 1224 1678 alia
1239 1632 1311 1705 quae
1323 1612 1363 1678 ad
1386 1611 1555 1707 navigandi
1572 1632 1675 1678 artem
1699 1604 1774 1700 spe.

407 1707 521 1796 diane,
539 1707 621 1779 illud
632 1708 750 1795 docet,
767 1731 831 1803 qua
845 1710 968 1777 ratione
981 1704 1035 1774 lon
1061 1704 1151 1776 itudo
1173 1704 1239 1773 loci
1258 1728 1296 1773 ex
1318 1702 1484 1775 latitudine
1508 1707 1639 1804 cognita
1659 1711 1693 1775 ἀ
1712 1703 1772 1774 de·

407 1800 501 1874 curso
518 1808 631 1875 itinere
647 1826 703 1901 per
720 1800 873 1899 trianguli
884 1731 1060 1897 redianguli
1074 1795 1240 1898 Analysim
1255 1797 1407 1869 habeatur
1427 1826 1436 1871 ε
1457 1825 1495 1871 ex
1516 1826 1566 1890 gr.
1587 1828 1636 1894 25·
1662 1798 1771 1868 leuca.

405 1921 480 1968 rum
505 1895 676 1998 spatiumai
699 1900 779 1973 navi
801 1891 989 1967 confectum
1015 1894 1081 1982 est,
1114 1915 1213 1990 atque
1238 1919 1275 1964 ex
1299 1892 1574 1967 observationibus
1595 1895 1688 1965 factis
1711 1889 1767 1964 sub

404 1995 536 2064 initium
554 2005 581 2063 ἃ
602 1992 702 2064 finem
716 1995 835 2063 itineris
846 2012 1051 2084 compertum
1061 1989 1124 2061 fuit
1137 2014 1189 2064 to.
1204 1987 1308 2060 leucas
1329 1988 1350 2059 ai
1375 1993 1476 2060 Borea
1489 1998 1522 2062 in
1538 1992 1701 2076 Austrum,
1709 2009 1768 2060 aut

392 2085 558 2177 ‘vicillim,
573 2084 626 2158 seu
638 2092 671 2158 in
686 2087 889 2159 latitudinem
898 2081 959 2156 effe
972 2107 1171 2182 peragratas,
1185 2089 1336 2181 queritur
1349 2109 1507 2181 quantum
1522 2090 1681 2157 itinerisin
1693 2086 1770 2156 lon·

405 2186 584 2279 gitudinem
597 2183 785 2256 confedlum
799 2180 894 2265 fuerit
924 2176 1102 2272 Quaefitum
1113 2178 1319 2280 longitudinis
1332 2178 1414 2251 latus
1427 2206 1465 2252 ea
1477 2179 1622 2280 perbrevi
1646 2186 1770 2251 ratione

329 2304 335 2313 ·
407 2277 656 2377 consequemur,
666 2278 688 2351 si
698 2277 858 2377 quadrato
867 2280 991 2346 numeri
1004 2304 1051 2370 25,
1064 2273 1117 2345 seu
1132 2280 1251 2347 itineris
1260 2275 1401 2348 confr&
1416 2297 1579 2376 nempetz
1583 2309 1611 2375 5.
1623 2273 1770 2348 detrahat

435 2375 602 2446 uadratum
618 2378 745 2445 numeri
765 2399 815 2442 zo.
829 2369 949 2442 scilicet
964 2398 1047 2452 400.
1061 2367 1239 2440 Restabant
1254 2375 1342 2442 enim
1360 2398 1425 2469 225.
1440 2383 1529 2466 cujus
1543 2373 1622 2446 latus
1642 2394 1698 2442 aut
1714 2396 1769 2442 ra·

409 2397 463 2538 dix
481 2472 525 2540 est
549 2497 592 2558 ¹5·
612 2470 812 2570 Qindecim
827 2472 936 2562 itaque
951 2464 1048 2536 leucis
1063 2469 1153 2535 navis
1166 2468 1369 2563 promoraeii
1383 2476 1417 2540 in
1430 2469 1673 2560 longitudinem.
1697 2472 1769 2539 Ta-

411 2561 486 2635 bula
499 2569 731 2663 quadratorum
744 2585 953 2634 numerorum
969 2557 1120 2656 usquead
1135 2586 1211 2635 too.
1229 2560 1282 2631 vel
1298 2591 1378 2638 200.
1395 2548 1510 2636 confidi
1526 2563 1620 2638 facili
1634 2562 1766 2662 potest,

411 2682 450 2730 ex
465 2686 528 2755 qua
542 2663 627 2731 radix
640 2663 786 2753 proxima
800 2658 885 2746 cujul
912 2680 952 2724 ue
964 2657 1109 2749 quadrati
1118 2657 1222 2727 statim
1236 2654 1396 2754 persptdla
1407 2659 1473 2733 fin,
1491 2664 1581 2731 Rari)
1593 2667 1678 2731 enim
1690 2681 1769 2728 eve.

410 2757 461 2824 nit
478 2779 511 2822 uz
526 2751 668 2853 ampliils
688 2775 787 2846 quam
802 2680 998 2822 malentis
1014 2745 1102 2849 super
1115 2753 1252 2823 eundem
1267 2776 1350 2824 vent¹
1377 2755 1568 2830 Rhombum
1583 2759 1671 2825 navis
1687 2780 1770 2850 pro·¹

410 2872 594 2921 moveatur.
621 2847 721 2944 Qud
738 2841 982 2941 silongitudinis
1006 2871 1048 2941 ¹5·
1069 2845 1241 2918 latitudinis
1258 2877 1313 2922 ιο.
1328 2848 1426 2923 latera
1438 2853 1589 2948 triunguli
1603 2849 1662 2925 siut
1674 2872 1767 2938 nota,

411 2941 624 3014 &decursum
639 2941 776 3040 spatium
788 2962 1030 3038 quaeratur‚tnm
1039 2943 1104 3013 duo
1113 2948 1236 3014 numeri
1243 2945 1489 3041 ’quadrati4oo.
1499 2957 1531 3021 dt
1547 2973 1611 3045 ²²5·
1623 2951 1765 3019 inunam

409 3035 572 3108 summam
582 3040 709 3110 colledii
718 3035 839 3108 dabunt
854 3048 874 3105 6
883 3065 895 3106 ι
901 3065 927 3133 5·
939 3044 1027 3120 cuius
1039 3039 1125 3108 radix
1137 3069 1183 3136 ²5·
1198 3039 1287 3111 confr
1294 3043 1338 3112 dli
1348 3047 1468 3116 itineris
1487 3040 1623 3143 spatium
1634 3038 1767 3114 exhibe-

410 3129 480 3221 bit,
498 3135 595 3231 idque
613 3129 883 3231 compendioliori
894 3140 946 3203 via
964 3190 975 3221 ,
1001 3136 1105 3230 quim
1122 3162 1177 3233 per
1196 3131 1321 3209 finus&
1333 3160 1511 3236 tangentes.
1549 3139 1655 3210 Multa
1672 3138 1766 3231 hujus

408 3233 534 3394 pencris
547 3231 586 3300 ad
597 3254 701 3302 artem
723 3229 892 3325 navigandi
905 3255 970 3300 non
984 3229 1107 3300 inutilia
1116 3233 1246 3301 eruditae
1260 3242 1293 3306 δε
1306 3258 1461 3310 accurata·
1482 3232 1544 3308 illae
1561 3233 1765 3306 animadver-

422 3347 510 3396 tones
524 3325 785 3424 compledluutur
798 3347 871 3422 quae
886 3321 1018 3396 forfitan
1033 3324 1208 3423 aliquando
1222 3324 1353 3427 publici
1360 3337 1435 3423 juris
1447 3331 1537 3407 fient.

435 3522 1763 3558 Μ,

826 3654 863 3740 C
901 3652 941 3741 Α
977 3658 1006 3740 P
1040 3661 1082 3749 U
1117 3661 1157 3745 T
1270 3669 1291 3751 I
1325 3674 1380 3761 V.

873 3864 876 3868 “
914 3877 969 3945 De
994 3871 1260 3980 Hydrostatict's.

403 4083 432 4153 1.
448 4077 482 4246 Ι
501 4078 539 4150 Ν
567 4077 819 4150 commentaris
844 4075 865 4149 d
890 4080 934 4191 D?
957 4077 1092 4177 Galloys
1114 4081 1243 4158 Abbate
1264 4089 1390 4188 digestis
1413 4088 1465 4162 die
1485 4117 1540 4164 20.
1556 4091 1650 4187 Junii
1674 4105 1762 4164 anno
1808 4166 1813 4177 ,

501 4190 544 4248 16
558 4196 572 4243 i
588 4180 608 4250 8
622 4231 631 4260 ,
645 4176 815 4246 Tradbitus
843 4172 932 4286 brevi
959 4175 1088 4272 stylo&
1104 4204 1251 4256 accurata
1274 4183 1430 4256 methodo
1451 4184 1647 4285 conscriptus
1665 4194 1685 4254 a
1715 4192 1762 4262 D.

404 4276 563 4351 Mariotte
580 4274 619 4342 de
631 4270 869 4369 Scenographra
886 4326 896 4351 ,
916 4267 966 4343 seu
990 4270 1189 4372 Perspidtiva
1206 4287 1386 4377 reperitur,
1404 4289 1461 4378 qul
1484 4283 1570 4361 forti·
1588 4284 1763 4383 aliquando

401 4366 526 4466 publici
553 4374 628 4461 juris
652 4361 720 4442 fiet.
744 4372 775 4441 ls
796 4393 838 4456 27
868 4365 1102 4467 propositiones
1120 4375 1349 4475 complestitur
1371 4378 1489 4473 quibus
1509 4381 1576 4452 haec
1605 4405 1654 4451 ars
1681 4401 1764 4480 pene

374 4530 377 4534 .
404 4483 473 4541 tota
495 4486 691 4541 continetur.

460 4568 503 4638 ll.
535 4566 647 4635 Paucis
665 4561 735 4659 post
752 4558 862 4634 diebus
884 4563 924 4633 de
942 4586 1035 4635 motu
1053 4574 1087 4639 δι
1103 4566 1258 4649 orrslione
1271 4596 1364 4666 aquae
1387 4572 1572 4667 profluentis
1593 4576 1646 4669 agi
1668 4597 1763 4672 turp*

404 4667 474 4724 tum
488 4658 543 4734 est.
594 4662 673 4730 Duo'
697 4659 845 4755 quaedam
863 4665 1077 4756 experimenta
1096 4664 1242 4737 facienda
1260 4666 1427 4763 proposuit
1450 4676 1494 4740 D·
1521 4669 1664 4753 picard,
1691 4695 1763 4763 quae

401 4752 567 4850 precipuis
587 4778 625 4830 ea
646 4753 973 4844 dentientium
991 4752 1063 4862 lunt
1079 4761 1174 4836 instro
1194 4759 1407 4844 fundamenti.
1443 4768 1592 4841 Primum
1610 4761 1693 4840 illud
1715 4765 1762 4840 est

107 4964 284 5209 ¹:-
