3646 5430
293 404 353 468 icc
609 388 809 462 nscia
862 341 1342 459 sciturrrrurr'

159 485 272 557 Auri.
288 495 454 588 propiores
475 484 546 559 sunt
559 487 655 578 jadiui
669 481 839 570 verticali,
862 502 905 553 ta
927 486 1029 580 magis
1051 503 1126 549 cum
1149 480 1275 550 calculo
1295 481 1504 552 conveniunt.
1531 506 1545 565 3
1568 472 1652 553 Illud

159 601 251 673 1⁶77.
289 593 323 658 in
339 580 521 656 universum
535 581 735 652 constituitur
750 578 933 650 altitudines
960 587 993 651 dc
1018 575 1243 673 amplitudines
1260 571 1438 644 observatas
1460 574 1563 674 paulo
1579 600 1650 648 ma.

291 691 374 778 jores
390 679 450 750 else
465 687 501 750 iis
516 699 585 773 quar
602 695 657 774 per
680 673 841 746 calculum
856 673 1054 772 prodierunt.

341 782 398 846 IV.
428 775 604 865 latericius
616 773 744 869 aliquot
761 769 871 841 diehru
886 762 1052 868 problema
1071 768 1235 863 quoddam
1265 763 1430 865 proposuit
1456 768 1503 842 D.
1517 767 1652 841 Blondel

296 878 381 943 circa
403 872 612 942 direfiionem
637 867 876 968 proiestionum
902 865 992 960 quod
1012 868 1032 934 tl
1059 871 1105 936 D.
1134 868 1217 935 Buot
1238 867 1378 961 primum
1398 862 1461 934 fuit
1486 861 1651 955 solutum,

296 994 366 1037 tum
382 971 401 1039 a
420 970 466 1039 D.
482 968 657 1052 Ro‘e‘mer,
682 960 733 1033 sed
755 962 910 1033 methodo
931 958 1094 1046 faciliori,
1117 957 1181 1030 visa
1195 982 1303 1030 tamen
1318 982 1410 1030 antea
1429 957 1589 1032 solutione
1606 968 1653 1037 D.

171 1058 177 1065 ’
296 1069 391 1134 Boot.
420 1063 479 1133 Ille
503 1063 749 1132 instrumentum
773 1052 905 1152 subjecit
927 1053 1032 1126 eidem
1056 1052 1249 1153 problemati
1269 1056 1464 1125 inveniendo
1489 1113 1499 1142 ,
1535 1082 1652 1153 nempe

293 1161 533 1260 propedionum
558 1149 787 1227 daemonibus
811 1175 966 1250 aptarum·
1004 1157 1130 1224 Hoc&
1152 1151 1214 1221 alia
1238 1150 1377 1220 eundern
1393 1149 1438 1220 ob
1456 1147 1557 1223 linem
1573 1176 1653 1252 pro·

293 1249 397 1352 posita
419 1258 503 1325 circa
521 1251 717 1350 parabolicus
742 1245 896 1320 sectiones
922 1245 1123 1348 problemata
1151 1244 1246 1317 solvit
1274 1251 1319 1317 D.
1341 1245 1381 1315 de
1405 1245 1435 1316 la
1463 1251 1553 1320 Hire
1568 1273 1651 1320 nou·

292 1353 373 1421 dum
400 1354 482 1420 inter
505 1350 718 1421 Academicos
741 1365 938 1442 cooptatus,
966 1338 1017 1411 sed
1041 1362 1081 1413 ert
1101 1339 1162 1413 suis
1186 1339 1335 1441 operibus
1363 1339 1579 1430 aaronis,
1619 1354 1651 1419 dt

293 1449 443 1609 opnnium
466 1448 550 1516 votis
570 1446 726 1542 expetitus
744 1497 756 1530 ,
781 1465 852 1535 quae
869 1438 961 1509 brevi
978 1439 1049 1536 poli
1069 1457 1214 1537 tempore
1237 1457 1356 1537 nempe
1374 1460 1464 1510 anno
1486 1447 1571 1535 1678
1595 1466 1651 1516 ea-

331 1563 382 1610 eta
408 1539 490 1615 sunt.

293 1567 317 1638 P
340 1645 384 1709 V.
407 1642 448 1708 rlt
476 1643 519 1710 1).
544 1631 690 1710 Calllnus
710 1661 831 1709 novam
852 1632 975 1704 invenit
993 1626 1212 1717 methodum,
1236 1653 1301 1728 qua
1320 1650 1389 1700 tota
1409 1630 1650 1729 professionum

292 1732 440 1804 dodirina
452 1732 583 1805 ulterius
602 1755 753 1828 promota
768 1753 831 1804 uria
847 1725 1066 1827 propofitiohe
1089 1727 1264 1823 explicatur
1281 1782 1291 1813 ,
1310 1725 1522 1824 amplumque
1535 1736 1649 1804 nasia.

292 1849 363 1897 tum
379 1829 559 1898 Academia
572 1828 714 1900 exhibuit
727 1832 761 1898 in
778 1851 846 1921 quo
860 1829 938 1894 citra
951 1821 1128 1894 sedlionum
1150 1827 1334 1891 conicarum
1354 1847 1451 1913 opem
1472 1829 1554 1896 vires
1576 1855 1648 1899 ma·

292 1918 460 1994 chinarum
482 1928 721 2022 projicientium
743 1922 973 2018 explicantur,
995 1914 1096 2014 iisque
1121 1919 1324 2015 praecognitis
1340 1915 1508 1990 exhibetur
1537 1928 1647 1995 modus

291 2022 482 2114 projiciendi
493 2018 608 2090 missile
620 2020 660 2089 ad
674 2016 851 2115 quemlibet
867 2041 926 2120 pro
950 2012 1066 2084 ostrum
1088 2010 1247 2109 scopum,
1270 2013 1309 2084 ad
1348 2037 1421 2083 uem
1445 2040 1653 2114 compertum

287 2113 336 2182 est
355 2119 426 2182 vim
437 2124 505 2205 ejus
516 2115 603 2210 poffe
617 2118 796 2211 pertingere
813 2109 902 2198 ,five
914 2040 968 2183 ille
983 2107 1028 2177 ‘fit
1047 2113 1081 2178 in
1105 2104 1299 2179 horizontali
1314 2037 1412 2204 piam
1428 2121 1506 2181 'eum
1527 2114 1649 2186 mathi-

288 2209 632 2296 naconstitutus,frve
645 2207 729 2279 infra
740 2206 870 2375 lipsum,
889 2229 945 2277 aut
967 2202 1085 2372 supra,
1105 2205 1146 2273 ad
1169 2208 1319 2297 quamm
1338 2203 1573 2298 deprcffionem
1597 2235 1651 2284 aut

286 2299 530 2392 elevationem,
550 2307 648 2402 idque
661 2327 718 2400 ptr
753 2303 841 2376 olam
859 2304 982 2372 tesiam
1017 2303 1179 2371 itrearnin
1195 2297 1319 2370 circulo
1338 2299 1492 2373 dudam:
1506 2315 1649 2402 quamvis

285 2397 403 2469 miffile
423 2397 542 2474 lineam
573 2399 792 2499 parabolicam
819 2394 973 2468 describat
998 2432 1008 2486 ;
1032 2419 1071 2466 ex
1091 2396 1139 2465 lris
1159 2389 1406 2466 instrumentum
1424 2398 1593 2488 confecit,
1614 2413 1648 2477 dt

282 2494 469 2657 plcarlcmiae
488 2497 632 2570 exhibuit
654 2518 711 2595 pet
728 2496 818 2595 quod
832 2491 982 2564 machina
996 2490 1039 2564 lic
1050 2489 1209 2564 attollitur
1219 2488 1312 2590 supra
1322 2487 1479 2590 scopum,
1493 2519 1531 2569 ur
1548 2497 1645 2597 ipsum

300 2595 381 2662 eriat
402 2590 526 2663 mifflle.

331 2690 440 2779 Hujus
462 2692 615 2759 crassatus
628 2688 858 2787 compendium
884 2691 930 2758 D.
956 2684 1090 2756 Blondel
1109 2681 1239 2754 inseruit
1254 2679 1311 2755 suo
1326 2686 1365 2754 de
1379 2685 1646 2788 hocargumento

280 2783 454 2868 tractatui,
475 2788 570 2879 eique
582 2782 701 2854 librum
715 2784 870 2854 octavum
880 2787 980 2852 tertia
993 2786 1090 2878 partis
1104 2777 1287 2879 assignavit.
1458 2877 1460 2881 ¹

334 2882 410 2949 Vl.
443 2883 566 2948 interea
592 2876 798 2972 Sereniffimo
830 2881 968 2947 Francia
992 2874 1162 2974 Delphino
1193 2880 1250 2971 qui
1283 2878 1385 2977 pridie
1410 2876 1644 2956 Bibllorhecam

278 2973 425 3068 Regiam
447 3029 457 3060 ,
479 2972 514 3045 dt
534 2973 744 3047 Acadentiam
763 2996 800 3045 ut
821 2969 914 3071 supra
940 2975 1077 3043 diximus
1099 3026 1111 3058 ,
1142 2969 1290 3044 inviserat
1312 2999 1376 3043 una
1399 2996 1472 3046 cum
1495 2978 1649 3054 Seremff.

279 3071 387 3140 Princi
440 3071 480 3139 de
503 3071 618 3167 Conty
631 3078 666 3142 dt
688 3069 758 3142 aliis
777 3071 933 3166 primaria
950 3069 1113 3165 dignitatis
1126 3072 1202 3138 viris
1220 3070 1254 3137 in
1278 3064 1549 3142 Observarorium
1576 3076 1643 3147 Re.

302 3165 370 3232 ium
398 3163 575 3238 econfetre
594 3164 729 3262 placuit.
764 3160 902 3235 AEdificii
917 3162 1080 3250 formam,
1100 3159 1195 3235 litum
1209 3219 1221 3250 ,
1234 3171 1269 3236 dc
1282 3166 1473 3238 strufluram
1488 3168 1506 3239 ὲ
1519 3165 1647 3244 summo

277 3185 365 3328 ilius
385 3258 456 3331 fasti
479 3266 513 3331 io
532 3283 589 3333 aut
610 3260 737 3332 Solario
760 3281 893 3330 contem
918 3258 1000 3329 larus
1022 3283 1061 3329 ac
1083 3255 1224 3331 referatis
1248 3257 1414 3331 fornicum
1432 3262 1643 3338 foraminibus

275 3348 408 3449 specum
425 3284 662 3429 subterraneam
673 3358 714 3429 ad
734 3361 777 3431 28
788 3350 888 3452 usque
895 3284 1080 3454 lienpedas
1097 3354 1198 3428 altam
1213 3411 1226 3446 ,
1248 3353 1386 3456 fingulas
1407 3358 1526 3431 deinde
1543 3382 1643 3461 partes

277 3448 382 3522 oculis
398 3461 432 3527 dt
450 3457 562 3524 anirno
579 3452 736 3526 lusitavit.

327 3551 476 3621 Primum
495 3553 531 3618 in
552 3556 714 3641 maiorem
734 3550 843 3622 aulam
858 3571 935 3621 curn
947 3545 1170 3635 descendisset,
1185 3571 1257 3620 eam
1269 3549 1309 3620 de
1329 3568 1394 3646 qua
1415 3573 1493 3620 mox
1507 3551 1643 3625 diximus

276 3641 462 3715 machinam
478 3651 511 3716 in
526 3644 678 3717 cubiculo
696 3652 741 3720 D.
763 3647 876 3720 Picard
896 3669 1040 3743 paratam
1062 3649 1193 3718 invenit.
1228 3650 1327 3717 Hanc
1353 3649 1406 3720 D..
1423 3648 1574 3719 Ro'c'met
1588 3673 1640 3748 pa·

276 3738 349 3807 rieti
376 3736 419 3810 fre
447 3762 613 3837 aptaverat
636 3765 672 3814 ut
691 3741 818 3814 Galilaei
837 3750 871 3816 de
892 3741 1050 3815 Toricelli
1074 3747 1159 3813 circa
1178 3742 1417 3841 projediionum
1448 3741 1640 3817 direstionet

276 3828 403 3902 theoria
422 3860 460 3904 ex
503 3838 616 3906 tientid
628 3839 701 3933 ipsl·
713 3835 905 3911 firmaretur.
936 3844 1041 3910 Vatia
1059 3860 1149 3910 erant
1162 3843 1196 3908 in
1256 3841 1338 3908 riete·
1354 3835 1521 3908 delineata
1547 3864 1637 3938 para·

277 3921 356 4015 bole
392 3952 447 3998 uas
480 3929 672 4026 ydrargytus
681 3927 801 4002 sursum
814 3957 903 4030 pera
926 3959 1031 4006 ertum
1047 3863 1281 4029 foraminuliim
1302 3957 1473 4030 erumpens
1488 3934 1529 4005 ad
1542 3958 1639 4035 quam

276 3951 469 4093 libuiflet'an
516 4021 622 4094 lotum
636 4025 880 4100 inclinationem
893 3958 1104 4102 describebat.
1490 4128 1493 4134 Ι

336 4122 429 4190 Hinc
447 4046 553 4190 educas
568 4119 692 4194 aedilicii
713 4145 819 4223 partes
837 4129 928 4196 venit
949 4149 1029 4222 quas
1044 4131 1089 4199 D.
1115 4121 1236 4197 Ctffini
1250 4124 1408 4197 inhahitat
1425 4179 1437 4214 ,
1455 4121 1515 4196 ubi
1561 4129 1637 4199 lutea

278 4215 379 4286 Lunae
392 4211 529 4314 figuras,
552 4224 585 4288 dc
608 4240 789 4292 toreumata
812 4222 857 4292 est
880 4222 1115 4322 contemplatus
1130 4155 1636 4318 3qr1aequeexditerlisSolisas‘

277 4310 424 4408 pestibus
435 4321 468 4384 dr
479 4319 625 4409 corporis
639 4318 773 4388 Lunaris
791 4314 1032 4389 librationibus
1052 4340 1226 4388 occurrunt
1239 4316 1486 4388 illustrationum
1500 4324 1633 4392 varieta-

277 4427 325 4477 tes
338 4463 349 4495 ,
361 4405 453 4477 simul
468 4416 501 4480 &
517 4408 655 4483 diversos
669 4411 868 4510 planetarum
881 4437 989 4486 motus
1000 4416 1076 4512 apti
1087 4414 1262 4484 delineatos
1273 4410 1445 4510 conspexit.

330 4509 413 4577 Vll.
431 4499 548 4574 lisdem
573 4501 640 4577 fere
660 4507 859 4606 temporibus
875 4515 921 4584 D.
940 4512 978 4581 de
989 4506 1068 4582 saint
1088 4509 1172 4579 Felix
1181 4506 1308 4605 aliquot
1323 4509 1557 4586 Machluatum
1570 4535 1637 4611 qua·

276 4596 318 4667 ad
330 4598 422 4672 usum
440 4603 572 4670 narium
585 4598 656 4675 sunt
674 4627 879 4700 comparatae,
893 4629 989 4707 typos
1000 4602 1168 4704 exposuit,
1188 4627 1241 4675 eas
1255 4603 1418 4677 machinas
1435 4630 1489 4676 ma
1537 4633 1561 4680 o
1573 4609 1633 4682 usu·

277 4700 352 4765 nari
374 4699 476 4770 arioni
489 4694 550 4769 eise
560 4694 648 4795 polle
660 4693 764 4773 risum
773 4701 818 4775 est
831 4726 940 4777 earum
952 4727 1059 4778 rerum
1072 4706 1194 4801 peritia.
1214 4705 1344 4777 Harum
1357 4704 1429 4802 typi
1443 4726 1490 4803 po
1567 4703 1634 4783 furt

271 4787 367 4865 52³0
391 4791 567 4899 senatum
582 4795 726 4900 repufiti.
