<?xml version="1.0" encoding="UTF-8"?>
<!DOCTYPE html PUBLIC "-//W3C//DTD XHTML 1.0 Transitional//EN"
    "http://www.w3.org/TR/xhtml1/DTD/xhtml1-transitional.dtd">
<html xmlns="http://www.w3.org/1999/xhtml" xml:lang="en" lang="en">
 <head>
  <title>
</title>
<meta http-equiv="Content-Type" content="text/html;charset=utf-8" />
  <meta name='ocr-system' content='tesseract 3.04.00' />
  <meta name='ocr-capabilities' content='ocr_page ocr_carea ocr_par ocr_line ocrx_word'/>
</head>
<body>
  <div class='ocr_page' id='page_1' title='image "./historia00hamegoog_0132.png"; bbox 0 0 3646 5430; ppageno 0'>
   <div class='ocr_carea' id='block_1_1' title="bbox 373 366 1520 453">
    <p class='ocr_par' dir='ltr' id='par_1_1' title="bbox 373 366 1520 453">
     <span class='ocr_line' id='line_1_1' title="bbox 373 366 1520 453; baseline -0.005 -7"><span class='ocrx_word' id='word_1_1' title='bbox 373 366 709 448; x_wconf 70' lang='lat' dir='ltr'>&#39;ACADEMIAE</span> <span class='ocrx_word' id='word_1_2' title='bbox 779 371 1118 452; x_wconf 79' lang='lat' dir='ltr'><strong>HISTORIA.</strong></span> <span class='ocrx_word' id='word_1_3' title='bbox 1158 376 1285 453; x_wconf 66' lang='lat' dir='ltr'>tor.</span> <span class='ocrx_word' id='word_1_4' title='bbox 1475 388 1520 445; x_wconf 84' lang='lat' dir='ltr'>rtr</span> 
     </span>
    </p>
   </div>
   <div class='ocr_carea' id='block_1_2' title="bbox 126 455 1640 3619">
    <p class='ocr_par' dir='ltr' id='par_1_2' title="bbox 126 455 1640 569">
     <span class='ocr_line' id='line_1_2' title="bbox 126 455 1640 569; baseline -0.005 -25"><span class='ocrx_word' id='word_1_5' title='bbox 126 486 128 493; x_wconf 89' lang='lat'>&#39;</span> <span class='ocrx_word' id='word_1_6' title='bbox 192 472 457 560; x_wconf 74' lang='lat' dir='ltr'>temoauni1673</span> <span class='ocrx_word' id='word_1_7' title='bbox 474 465 663 541; x_wconf 72' lang='lat' dir='ltr'>observavit·</span> <span class='ocrx_word' id='word_1_8' title='bbox 707 474 797 542; x_wconf 89' lang='lat' dir='ltr'>Hinc</span> <span class='ocrx_word' id='word_1_9' title='bbox 809 474 963 569; x_wconf 87' lang='lat' dir='ltr'>temporis</span> <span class='ocrx_word' id='word_1_10' title='bbox 976 495 1180 545; x_wconf 84' lang='lat' dir='ltr'>momentum</span> <span class='ocrx_word' id='word_1_11' title='bbox 1195 498 1263 569; x_wconf 92' lang='lat' dir='ltr'>quo</span> <span class='ocrx_word' id='word_1_12' title='bbox 1277 490 1421 544; x_wconf 88' lang='lat' dir='ltr'>centrum</span> <span class='ocrx_word' id='word_1_13' title='bbox 1433 465 1517 539; x_wconf 76' lang='lat' dir='ltr'>Solis</span> <span class='ocrx_word' id='word_1_14' title='bbox 1531 455 1640 549; x_wconf 59' lang='lat' dir='ltr'>Ossa.</span> 
     </span>
    </p>

    <p class='ocr_par' dir='ltr' id='par_1_3' title="bbox 171 559 1633 1592">
     <span class='ocr_line' id='line_1_3' title="bbox 185 559 1633 668; baseline 0.001 -30"><span class='ocrx_word' id='word_1_15' title='bbox 185 570 345 665; x_wconf 78' lang='lat' dir='ltr'>AEquatori</span> <span class='ocrx_word' id='word_1_16' title='bbox 366 564 516 651; x_wconf 82' lang='lat' dir='ltr'>suberat,</span> <span class='ocrx_word' id='word_1_17' title='bbox 548 573 582 638; x_wconf 77' lang='lat' dir='ltr'>St</span> <span class='ocrx_word' id='word_1_18' title='bbox 603 589 761 661; x_wconf 76' lang='lat' dir='ltr'>quantum</span> <span class='ocrx_word' id='word_1_19' title='bbox 777 571 931 664; x_wconf 84' lang='lat' dir='ltr'>temporis</span> <span class='ocrx_word' id='word_1_20' title='bbox 956 571 989 638; x_wconf 88' lang='lat' dir='ltr'>in</span> <span class='ocrx_word' id='word_1_21' title='bbox 1013 565 1107 668; x_wconf 83' lang='lat' dir='ltr'>fignis</span> <span class='ocrx_word' id='word_1_22' title='bbox 1126 565 1323 639; x_wconf 79' lang='lat' dir='ltr'>Australibus</span> <span class='ocrx_word' id='word_1_23' title='bbox 1339 565 1396 638; x_wconf 91' lang='lat' dir='ltr'>Sol</span> <span class='ocrx_word' id='word_1_24' title='bbox 1421 589 1512 636; x_wconf 88' lang='lat' dir='ltr'>com·</span> <span class='ocrx_word' id='word_1_25' title='bbox 1531 559 1633 665; x_wconf 59' lang='lat'>4¹³³}</span> 
     </span>
     <span class='ocr_line' id='line_1_4' title="bbox 182 656 1587 762; baseline -0.005 -29"><span class='ocrx_word' id='word_1_26' title='bbox 182 685 334 749; x_wconf 81' lang='lat' dir='ltr'>moratur,</span> <span class='ocrx_word' id='word_1_27' title='bbox 355 658 399 732; x_wconf 82' lang='lat' dir='ltr'>ab</span> <span class='ocrx_word' id='word_1_28' title='bbox 417 685 459 732; x_wconf 91' lang='lat' dir='ltr'>eo</span> <span class='ocrx_word' id='word_1_29' title='bbox 475 656 662 730; x_wconf 88' lang='lat' dir='ltr'>conclusum</span> <span class='ocrx_word' id='word_1_30' title='bbox 679 660 764 750; x_wconf 87' lang='lat' dir='ltr'>suit,</span> <span class='ocrx_word' id='word_1_31' title='bbox 785 659 818 728; x_wconf 90' lang='lat' dir='ltr'>id</span> <span class='ocrx_word' id='word_1_32' title='bbox 845 684 885 734; x_wconf 92' lang='lat' dir='ltr'>ue</span> <span class='ocrx_word' id='word_1_33' title='bbox 901 662 1058 735; x_wconf 78' lang='lat' dir='ltr'>existimat</span> <span class='ocrx_word' id='word_1_34' title='bbox 1073 667 1107 733; x_wconf 93' lang='lat' dir='ltr'>in</span> <span class='ocrx_word' id='word_1_35' title='bbox 1120 669 1247 762; x_wconf 82' lang='lat' dir='ltr'>Europa</span> <span class='ocrx_word' id='word_1_36' title='bbox 1264 686 1332 736; x_wconf 83' lang='lat' dir='ltr'>tam</span> <span class='ocrx_word' id='word_1_37' title='bbox 1353 683 1442 735; x_wconf 91' lang='lat' dir='ltr'>cetto</span> <span class='ocrx_word' id='word_1_38' title='bbox 1454 658 1514 731; x_wconf 83' lang='lat' dir='ltr'>ha·-</span> <span class='ocrx_word' id='word_1_39' title='bbox 1530 671 1587 726; x_wconf 67' lang='grc' dir='ltr'>Μ.</span> 
     </span>
     <span class='ocr_line' id='line_1_5' title="bbox 178 684 1515 853; baseline -0.004 -25"><span class='ocrx_word' id='word_1_40' title='bbox 178 754 234 828; x_wconf 86' lang='lat' dir='ltr'>beri</span> <span class='ocrx_word' id='word_1_41' title='bbox 253 763 309 828; x_wconf 71' lang='lat' dir='ltr'>&#39;vix</span> <span class='ocrx_word' id='word_1_42' title='bbox 323 755 440 853; x_wconf 81' lang='lat' dir='ltr'>polle,</span> <span class='ocrx_word' id='word_1_43' title='bbox 462 752 507 827; x_wconf 90' lang='lat' dir='ltr'>ob</span> <span class='ocrx_word' id='word_1_44' title='bbox 525 755 630 827; x_wconf 90' lang='lat' dir='ltr'>multo</span> <span class='ocrx_word' id='word_1_45' title='bbox 649 764 785 850; x_wconf 83' lang='lat' dir='ltr'>majmes</span> <span class='ocrx_word' id='word_1_46' title='bbox 800 684 1015 828; x_wconf 53' lang='lat' dir='ltr'>rsfiamones.</span> <span class='ocrx_word' id='word_1_47' title='bbox 1041 758 1257 831; x_wconf 85' lang='lat' dir='ltr'>inclementis</span> <span class='ocrx_word' id='word_1_48' title='bbox 1270 758 1515 834; x_wconf 77' lang='lat' dir='ltr'>Astronomicis,</span> 
     </span>
     <span class='ocr_line' id='line_1_6' title="bbox 175 848 1515 950; baseline 0 -27"><span class='ocrx_word' id='word_1_49' title='bbox 175 856 417 950; x_wconf 74' lang='lat' dir='ltr'>AEquinodlium</span> <span class='ocrx_word' id='word_1_50' title='bbox 432 850 618 924; x_wconf 84' lang='lat' dir='ltr'>autumnale</span> <span class='ocrx_word' id='word_1_51' title='bbox 630 876 718 922; x_wconf 79' lang='lat' dir='ltr'>anno</span> <span class='ocrx_word' id='word_1_52' title='bbox 739 866 816 938; x_wconf 85' lang='lat'>1672</span> <span class='ocrx_word' id='word_1_53' title='bbox 843 848 895 921; x_wconf 89' lang='lat' dir='ltr'>die</span> <span class='ocrx_word' id='word_1_54' title='bbox 913 860 953 922; x_wconf 77' lang='lat'>2&#39;2</span> <span class='ocrx_word' id='word_1_55' title='bbox 976 851 1171 949; x_wconf 80' lang='lat' dir='ltr'>Septembris</span> <span class='ocrx_word' id='word_1_56' title='bbox 1193 851 1274 925; x_wconf 78' lang='lat' dir='ltr'>bora</span> <span class='ocrx_word' id='word_1_57' title='bbox 1293 882 1316 944; x_wconf 87' lang='lat'>4</span> <span class='ocrx_word' id='word_1_58' title='bbox 1335 860 1515 934; x_wconf 80' lang='lat' dir='ltr'>matutine,</span> 
     </span>
     <span class='ocr_line' id='line_1_7' title="bbox 176 942 1515 1048; baseline 0.001 -33"><span class='ocrx_word' id='word_1_59' title='bbox 176 953 205 1015; x_wconf 77' lang='lat'>¹6</span> <span class='ocrx_word' id='word_1_60' title='bbox 215 952 298 1021; x_wconf 88' lang='lat' dir='ltr'>min.</span> <span class='ocrx_word' id='word_1_61' title='bbox 309 947 453 1023; x_wconf 80' lang='lat' dir='ltr'>vernale</span> <span class='ocrx_word' id='word_1_62' title='bbox 469 950 542 1018; x_wconf 85' lang='lat' dir='ltr'>anni</span> <span class='ocrx_word' id='word_1_63' title='bbox 557 950 628 1034; x_wconf 73' lang='lat'>¹⁶75</span> <span class='ocrx_word' id='word_1_64' title='bbox 643 947 694 1018; x_wconf 91' lang='lat' dir='ltr'>die</span> <span class='ocrx_word' id='word_1_65' title='bbox 707 973 740 1038; x_wconf 82' lang='lat'>¹9</span> <span class='ocrx_word' id='word_1_66' title='bbox 758 948 872 1018; x_wconf 67' lang='lat' dir='ltr'>Martii</span> <span class='ocrx_word' id='word_1_67' title='bbox 884 942 965 1016; x_wconf 83' lang='lat' dir='ltr'>hora</span> <span class='ocrx_word' id='word_1_68' title='bbox 979 975 1012 1036; x_wconf 79' lang='lat'>9,</span> <span class='ocrx_word' id='word_1_69' title='bbox 1027 952 1062 1034; x_wconf 76' lang='lat'>38</span> <span class='ocrx_word' id='word_1_70' title='bbox 1076 973 1123 1024; x_wconf 88' lang='lat' dir='ltr'>m.</span> <span class='ocrx_word' id='word_1_71' title='bbox 1131 949 1201 1048; x_wconf 86' lang='lat' dir='ltr'>post</span> <span class='ocrx_word' id='word_1_72' title='bbox 1211 951 1378 1019; x_wconf 83' lang='lat' dir='ltr'>meridiem</span> <span class='ocrx_word' id='word_1_73' title='bbox 1390 954 1515 1019; x_wconf 81' lang='lat' dir='ltr'>rarione</span> 
     </span>
     <span class='ocr_line' id='line_1_8' title="bbox 172 1036 1515 1155; baseline -0.001 -43"><span class='ocrx_word' id='word_1_74' title='bbox 172 1041 276 1114; x_wconf 73' lang='lat' dir='ltr'>lubitu</span> <span class='ocrx_word' id='word_1_75' title='bbox 349 1047 471 1141; x_wconf 71' lang='lat' dir='ltr'>exiguae</span> <span class='ocrx_word' id='word_1_76' title='bbox 485 1038 685 1113; x_wconf 68' lang='lat' dir='ltr'>refrastionis</span> <span class='ocrx_word' id='word_1_77' title='bbox 700 1053 733 1114; x_wconf 76' lang='lat' dir='ltr'>Sc</span> <span class='ocrx_word' id='word_1_78' title='bbox 752 1039 917 1140; x_wconf 79' lang='lat' dir='ltr'>parallaxis</span> <span class='ocrx_word' id='word_1_79' title='bbox 931 1036 1092 1114; x_wconf 83' lang='lat' dir='ltr'>exiisdem</span> <span class='ocrx_word' id='word_1_80' title='bbox 1103 1041 1228 1155; x_wconf 87' lang='lat' dir='ltr'>colligit</span> <span class='ocrx_word' id='word_1_81' title='bbox 1239 1040 1515 1115; x_wconf 85' lang='lat' dir='ltr'>observationibus</span> 
     </span>
     <span class='ocr_line' id='line_1_9' title="bbox 172 1129 1516 1237; baseline -0.001 -28"><span class='ocrx_word' id='word_1_82' title='bbox 172 1143 214 1212; x_wconf 87' lang='lat' dir='ltr'>D.</span> <span class='ocrx_word' id='word_1_83' title='bbox 228 1141 284 1210; x_wconf 75' lang='lat' dir='ltr'>ea</span> <span class='ocrx_word' id='word_1_84' title='bbox 325 1161 399 1210; x_wconf 87' lang='lat' dir='ltr'>nus:</span> <span class='ocrx_word' id='word_1_85' title='bbox 414 1142 542 1210; x_wconf 78' lang='lat' dir='ltr'>adeout</span> <span class='ocrx_word' id='word_1_86' title='bbox 555 1143 622 1229; x_wconf 80' lang='lat' dir='ltr'>jam</span> <span class='ocrx_word' id='word_1_87' title='bbox 641 1137 842 1234; x_wconf 83' lang='lat' dir='ltr'>exploratum</span> <span class='ocrx_word' id='word_1_88' title='bbox 855 1129 893 1206; x_wconf 82' lang='lat' dir='ltr'>st</span> <span class='ocrx_word' id='word_1_89' title='bbox 931 1158 1032 1209; x_wconf 86' lang='lat' dir='ltr'>uanto</span> <span class='ocrx_word' id='word_1_90' title='bbox 1049 1159 1205 1237; x_wconf 79' lang='lat' dir='ltr'>temporis</span> <span class='ocrx_word' id='word_1_91' title='bbox 1218 1134 1241 1206; x_wconf 88' lang='lat' dir='ltr'>s</span> <span class='ocrx_word' id='word_1_92' title='bbox 1254 1142 1323 1209; x_wconf 84' lang='lat' dir='ltr'>atio</span> <span class='ocrx_word' id='word_1_93' title='bbox 1333 1140 1389 1210; x_wconf 86' lang='lat' dir='ltr'>Sol</span> <span class='ocrx_word' id='word_1_94' title='bbox 1397 1141 1516 1210; x_wconf 85' lang='lat' dir='ltr'>diutius</span> 
     </span>
     <span class='ocr_line' id='line_1_10' title="bbox 171 1161 1517 1334; baseline 0.001 -32"><span class='ocrx_word' id='word_1_95' title='bbox 171 1238 200 1302; x_wconf 90' lang='lat' dir='ltr'>in</span> <span class='ocrx_word' id='word_1_96' title='bbox 220 1230 322 1329; x_wconf 78' lang='lat' dir='ltr'>signis</span> <span class='ocrx_word' id='word_1_97' title='bbox 337 1233 518 1306; x_wconf 78' lang='lat' dir='ltr'>borealibus</span> <span class='ocrx_word' id='word_1_98' title='bbox 534 1226 673 1304; x_wconf 83' lang='lat' dir='ltr'>versetur</span> <span class='ocrx_word' id='word_1_99' title='bbox 711 1258 786 1305; x_wconf 78' lang='lat' dir='ltr'>uam</span> <span class='ocrx_word' id='word_1_100' title='bbox 801 1236 836 1302; x_wconf 87' lang='lat' dir='ltr'>in</span> <span class='ocrx_word' id='word_1_101' title='bbox 856 1161 1053 1304; x_wconf 65' lang='lat' dir='ltr'>Arboribus</span> <span class='ocrx_word' id='word_1_102' title='bbox 1064 1293 1072 1320; x_wconf 87' lang='lat'><em>,</em></span> <span class='ocrx_word' id='word_1_103' title='bbox 1085 1235 1183 1332; x_wconf 92' lang='lat' dir='ltr'>idque</span> <span class='ocrx_word' id='word_1_104' title='bbox 1197 1165 1312 1306; x_wconf 67' lang='lat' dir='ltr'>tabulae</span> <span class='ocrx_word' id='word_1_105' title='bbox 1322 1234 1517 1334; x_wconf 81' lang='lat' dir='ltr'>Tycbonie-</span> 
     </span>
     <span class='ocr_line' id='line_1_11' title="bbox 171 1261 1515 1428; baseline 0.001 -30"><span class='ocrx_word' id='word_1_106' title='bbox 171 1352 220 1398; x_wconf 82' lang='lat' dir='ltr'>nae</span> <span class='ocrx_word' id='word_1_107' title='bbox 245 1326 369 1399; x_wconf 70' lang='lat' dir='ltr'>tiburis</span> <span class='ocrx_word' id='word_1_108' title='bbox 385 1341 489 1421; x_wconf 72' lang='lat' dir='ltr'>majus</span> <span class='ocrx_word' id='word_1_109' title='bbox 500 1351 600 1426; x_wconf 83' lang='lat' dir='ltr'>quam</span> <span class='ocrx_word' id='word_1_110' title='bbox 616 1354 672 1425; x_wconf 81' lang='lat' dir='ltr'>par</span> <span class='ocrx_word' id='word_1_111' title='bbox 686 1261 922 1415; x_wconf 42' lang='lat' dir='ltr'>deminuunt.</span> <span class='ocrx_word' id='word_1_112' title='bbox 955 1330 1046 1399; x_wconf 87' lang='lat' dir='ltr'>Hinc</span> <span class='ocrx_word' id='word_1_113' title='bbox 1067 1329 1179 1402; x_wconf 78' lang='lat' dir='ltr'>morsis</span> <span class='ocrx_word' id='word_1_114' title='bbox 1192 1331 1276 1402; x_wconf 91' lang='lat' dir='ltr'>Solis</span> <span class='ocrx_word' id='word_1_115' title='bbox 1297 1330 1430 1428; x_wconf 79' lang='lat' dir='ltr'>Epoclra</span> <span class='ocrx_word' id='word_1_116' title='bbox 1443 1353 1515 1400; x_wconf 91' lang='lat' dir='ltr'>cer-</span> 
     </span>
     <span class='ocr_line' id='line_1_12' title="bbox 173 1419 1517 1524; baseline 0.002 -32"><span class='ocrx_word' id='word_1_117' title='bbox 173 1426 241 1492; x_wconf 88' lang='lat' dir='ltr'>tior</span> <span class='ocrx_word' id='word_1_118' title='bbox 253 1423 339 1494; x_wconf 69' lang='lat' dir='ltr'>sttui</span> <span class='ocrx_word' id='word_1_119' title='bbox 349 1426 452 1522; x_wconf 75' lang='lat' dir='ltr'>potest</span> <span class='ocrx_word' id='word_1_120' title='bbox 466 1483 477 1511; x_wconf 92' lang='lat'><strong>,</strong></span> <span class='ocrx_word' id='word_1_121' title='bbox 491 1447 567 1494; x_wconf 88' lang='lat' dir='ltr'>cum</span> <span class='ocrx_word' id='word_1_122' title='bbox 581 1422 637 1494; x_wconf 88' lang='lat' dir='ltr'>Sol</span> <span class='ocrx_word' id='word_1_123' title='bbox 654 1453 670 1518; x_wconf 91' lang='lat'>5</span> <span class='ocrx_word' id='word_1_124' title='bbox 689 1447 816 1497; x_wconf 80' lang='lat' dir='ltr'>tantum</span> <span class='ocrx_word' id='word_1_125' title='bbox 830 1419 979 1521; x_wconf 79' lang='lat' dir='ltr'>gradibus</span> <span class='ocrx_word' id='word_1_126' title='bbox 991 1423 1106 1497; x_wconf 73' lang='lat' dir='ltr'>distans</span> <span class='ocrx_word' id='word_1_127' title='bbox 1117 1427 1270 1498; x_wconf 70' lang='lat' dir='ltr'>ductrice</span> <span class='ocrx_word' id='word_1_128' title='bbox 1283 1449 1447 1524; x_wconf 65' lang='lat' dir='ltr'>perpetuu</span> <span class='ocrx_word' id='word_1_129' title='bbox 1462 1446 1517 1496; x_wconf 85' lang='lat' dir='ltr'>re-</span> 
     </span>
     <span class='ocr_line' id='line_1_13' title="bbox 173 1514 736 1592; baseline 0.007 -6"><span class='ocrx_word' id='word_1_130' title='bbox 173 1514 319 1589; x_wconf 76' lang='lat' dir='ltr'>fradlioni</span> <span class='ocrx_word' id='word_1_131' title='bbox 339 1540 413 1589; x_wconf 93' lang='lat' dir='ltr'>rum</span> <span class='ocrx_word' id='word_1_132' title='bbox 431 1520 526 1592; x_wconf 84' lang='lat' dir='ltr'>suerit</span> <span class='ocrx_word' id='word_1_133' title='bbox 542 1517 709 1590; x_wconf 84' lang='lat' dir='ltr'>obnoxius.</span> <span class='ocrx_word' id='word_1_134' title='bbox 729 1556 736 1569; x_wconf 88' lang='lat'><strong>·</strong></span> 
     </span>
    </p>

    <p class='ocr_par' dir='ltr' id='par_1_4' title="bbox 171 1609 1519 1998">
     <span class='ocr_line' id='line_1_14' title="bbox 224 1609 1516 1716; baseline 0.005 -33"><span class='ocrx_word' id='word_1_135' title='bbox 224 1641 251 1701; x_wconf 84' lang='lat'>3.</span> <span class='ocrx_word' id='word_1_136' title='bbox 278 1611 479 1687; x_wconf 80' lang='lat' dir='ltr'>Altitudines</span> <span class='ocrx_word' id='word_1_137' title='bbox 501 1612 582 1684; x_wconf 87' lang='lat' dir='ltr'>Solis</span> <span class='ocrx_word' id='word_1_138' title='bbox 602 1616 784 1686; x_wconf 72' lang='lat' dir='ltr'>meridiane</span> <span class='ocrx_word' id='word_1_139' title='bbox 804 1609 931 1710; x_wconf 85' lang='lat' dir='ltr'>fingulis</span> <span class='ocrx_word' id='word_1_140' title='bbox 951 1611 1060 1686; x_wconf 85' lang='lat' dir='ltr'>diebus</span> <span class='ocrx_word' id='word_1_141' title='bbox 1075 1611 1247 1688; x_wconf 73' lang='lat' dir='ltr'>observate</span> <span class='ocrx_word' id='word_1_142' title='bbox 1261 1616 1282 1689; x_wconf 75' lang='lat' dir='ltr'>d</span> <span class='ocrx_word' id='word_1_143' title='bbox 1296 1613 1401 1688; x_wconf 86' lang='lat' dir='ltr'>mense</span> <span class='ocrx_word' id='word_1_144' title='bbox 1411 1615 1516 1716; x_wconf 86' lang='lat' dir='ltr'>Jtmio</span> 
     </span>
     <span class='ocr_line' id='line_1_15' title="bbox 174 1705 1519 1807; baseline 0.002 -26"><span class='ocrx_word' id='word_1_145' title='bbox 174 1716 242 1780; x_wconf 81' lang='lat' dir='ltr'>tuni</span> <span class='ocrx_word' id='word_1_146' title='bbox 267 1720 352 1796; x_wconf 79' lang='lat'>1672</span> <span class='ocrx_word' id='word_1_147' title='bbox 376 1705 529 1807; x_wconf 73' lang='lat' dir='ltr'>usquead</span> <span class='ocrx_word' id='word_1_148' title='bbox 553 1713 682 1782; x_wconf 82' lang='lat' dir='ltr'>Maium</span> <span class='ocrx_word' id='word_1_149' title='bbox 704 1712 780 1781; x_wconf 83' lang='lat' dir='ltr'>anni</span> <span class='ocrx_word' id='word_1_150' title='bbox 808 1722 879 1795; x_wconf 82' lang='lat'>1673</span> <span class='ocrx_word' id='word_1_151' title='bbox 997 1712 1080 1805; x_wconf 85' lang='lat' dir='ltr'>iguis</span> <span class='ocrx_word' id='word_1_152' title='bbox 1105 1709 1351 1784; x_wconf 74' lang='lat' dir='ltr'>refractionibos</span> <span class='ocrx_word' id='word_1_153' title='bbox 1369 1710 1519 1784; x_wconf 72' lang='lat' dir='ltr'>obnoxio</span> 
     </span>
     <span class='ocr_line' id='line_1_16' title="bbox 171 1801 1517 1896; baseline 0.003 -20"><span class='ocrx_word' id='word_1_154' title='bbox 171 1810 273 1876; x_wconf 88' lang='lat' dir='ltr'>motui</span> <span class='ocrx_word' id='word_1_155' title='bbox 287 1805 377 1877; x_wconf 83' lang='lat' dir='ltr'>Solis</span> <span class='ocrx_word' id='word_1_156' title='bbox 388 1805 613 1877; x_wconf 88' lang='lat' dir='ltr'>constituendo</span> <span class='ocrx_word' id='word_1_157' title='bbox 632 1861 643 1890; x_wconf 91' lang='lat'>,</span> <span class='ocrx_word' id='word_1_158' title='bbox 665 1812 699 1877; x_wconf 76' lang='lat' dir='ltr'>Sc</span> <span class='ocrx_word' id='word_1_159' title='bbox 717 1801 833 1876; x_wconf 80' lang='lat' dir='ltr'>rabulis</span> <span class='ocrx_word' id='word_1_160' title='bbox 859 1802 888 1875; x_wconf 80' lang='lat' dir='ltr'>A</span> <span class='ocrx_word' id='word_1_161' title='bbox 916 1807 1092 1876; x_wconf 87' lang='lat' dir='ltr'>ronomicis</span> <span class='ocrx_word' id='word_1_162' title='bbox 1118 1803 1325 1879; x_wconf 87' lang='lat' dir='ltr'>conficiendis</span> <span class='ocrx_word' id='word_1_163' title='bbox 1342 1812 1517 1896; x_wconf 79' lang='lat' dir='ltr'>certiores,</span> 
     </span>
     <span class='ocr_line' id='line_1_17' title="bbox 171 1896 1267 1998; baseline 0.002 -28"><span class='ocrx_word' id='word_1_164' title='bbox 171 1896 266 1997; x_wconf 82' lang='lat' dir='ltr'>quam</span> <span class='ocrx_word' id='word_1_165' title='bbox 282 1915 356 1995; x_wconf 82' lang='lat' dir='ltr'>quae</span> <span class='ocrx_word' id='word_1_166' title='bbox 370 1898 524 1971; x_wconf 75' lang='lat' dir='ltr'>hudbcnus</span> <span class='ocrx_word' id='word_1_167' title='bbox 537 1899 725 1997; x_wconf 89' lang='lat' dir='ltr'>prodierunt</span> <span class='ocrx_word' id='word_1_168' title='bbox 737 1953 749 1983; x_wconf 86' lang='lat'>,</span> <span class='ocrx_word' id='word_1_169' title='bbox 762 1898 887 1996; x_wconf 76' lang='lat' dir='ltr'>regulas</span> <span class='ocrx_word' id='word_1_170' title='bbox 909 1897 1112 1998; x_wconf 83' lang='lat' dir='ltr'>suppeditare</span> <span class='ocrx_word' id='word_1_171' title='bbox 1128 1896 1267 1998; x_wconf 85' lang='lat' dir='ltr'>pollunt.</span> 
     </span>
    </p>

    <p class='ocr_par' dir='ltr' id='par_1_5' title="bbox 171 1988 1517 2289">
     <span class='ocr_line' id='line_1_18' title="bbox 216 1988 1517 2096; baseline 0.007 -30"><span class='ocrx_word' id='word_1_172' title='bbox 216 2028 243 2094; x_wconf 85' lang='lat'>4</span> <span class='ocrx_word' id='word_1_173' title='bbox 265 2002 355 2094; x_wconf 82' lang='lat' dir='ltr'>ere</span> <span class='ocrx_word' id='word_1_174' title='bbox 371 1999 455 2066; x_wconf 80' lang='lat' dir='ltr'>circa</span> <span class='ocrx_word' id='word_1_175' title='bbox 471 1998 615 2067; x_wconf 81' lang='lat' dir='ltr'>Martem</span> <span class='ocrx_word' id='word_1_176' title='bbox 636 1993 728 2066; x_wconf 71' lang='lat' dir='ltr'>fartae</span> <span class='ocrx_word' id='word_1_177' title='bbox 744 1990 816 2065; x_wconf 88' lang='lat' dir='ltr'>sunt</span> <span class='ocrx_word' id='word_1_178' title='bbox 828 1988 1066 2065; x_wconf 78' lang='lat' dir='ltr'>observationes</span> <span class='ocrx_word' id='word_1_179' title='bbox 1084 2019 1159 2066; x_wconf 90' lang='lat' dir='ltr'>curn</span> <span class='ocrx_word' id='word_1_180' title='bbox 1181 2000 1220 2065; x_wconf 89' lang='lat' dir='ltr'>iis</span> <span class='ocrx_word' id='word_1_181' title='bbox 1241 1995 1365 2072; x_wconf 72' lang='lat' dir='ltr'>collare</span> <span class='ocrx_word' id='word_1_182' title='bbox 1389 2023 1461 2096; x_wconf 81' lang='lat' dir='ltr'>quae</span> <span class='ocrx_word' id='word_1_183' title='bbox 1480 2005 1517 2075; x_wconf 88' lang='lat' dir='ltr'>in</span> 
     </span>
     <span class='ocr_line' id='line_1_19' title="bbox 171 2085 1516 2192; baseline 0.005 -30"><span class='ocrx_word' id='word_1_184' title='bbox 171 2094 278 2192; x_wconf 82' lang='lat' dir='ltr'>Regio</span> <span class='ocrx_word' id='word_1_185' title='bbox 293 2087 532 2165; x_wconf 78' lang='lat' dir='ltr'>observatorio</span> <span class='ocrx_word' id='word_1_186' title='bbox 547 2114 585 2160; x_wconf 81' lang='lat' dir='ltr'>ex</span> <span class='ocrx_word' id='word_1_187' title='bbox 601 2091 754 2162; x_wconf 79' lang='lat' dir='ltr'>condicto</span> <span class='ocrx_word' id='word_1_188' title='bbox 770 2085 841 2161; x_wconf 89' lang='lat' dir='ltr'>sunt</span> <span class='ocrx_word' id='word_1_189' title='bbox 867 2087 1002 2187; x_wconf 69' lang='lat' dir='ltr'>peruste</span> <span class='ocrx_word' id='word_1_190' title='bbox 1026 2145 1038 2177; x_wconf 93' lang='lat'><strong>,</strong></span> <span class='ocrx_word' id='word_1_191' title='bbox 1063 2090 1195 2186; x_wconf 82' lang='lat' dir='ltr'>quando</span> <span class='ocrx_word' id='word_1_192' title='bbox 1221 2095 1312 2164; x_wconf 80' lang='lat' dir='ltr'>Mars</span> <span class='ocrx_word' id='word_1_193' title='bbox 1342 2116 1433 2168; x_wconf 80' lang='lat' dir='ltr'>terrae</span> <span class='ocrx_word' id='word_1_194' title='bbox 1452 2096 1516 2169; x_wconf 80' lang='lat' dir='ltr'>fuit</span> 
     </span>
     <span class='ocr_line' id='line_1_20' title="bbox 189 2178 1515 2289; baseline 0.007 -33"><span class='ocrx_word' id='word_1_195' title='bbox 189 2194 334 2265; x_wconf 81' lang='lat' dir='ltr'>coximus</span> <span class='ocrx_word' id='word_1_196' title='bbox 362 2243 374 2275; x_wconf 90' lang='lat'>‚</span> <span class='ocrx_word' id='word_1_197' title='bbox 404 2185 485 2256; x_wconf 92' lang='lat' dir='ltr'>illud</span> <span class='ocrx_word' id='word_1_198' title='bbox 512 2183 702 2258; x_wconf 85' lang='lat' dir='ltr'>confirmant</span> <span class='ocrx_word' id='word_1_199' title='bbox 723 2188 927 2284; x_wconf 84' lang='lat' dir='ltr'>perexiguam</span> <span class='ocrx_word' id='word_1_200' title='bbox 953 2178 1013 2256; x_wconf 73' lang='lat' dir='ltr'>elle</span> <span class='ocrx_word' id='word_1_201' title='bbox 1045 2183 1139 2280; x_wconf 88' lang='lat' dir='ltr'>hujus</span> <span class='ocrx_word' id='word_1_202' title='bbox 1163 2183 1296 2283; x_wconf 82' lang='lat' dir='ltr'>planetae</span> <span class='ocrx_word' id='word_1_203' title='bbox 1328 2189 1515 2289; x_wconf 81' lang='lat' dir='ltr'>parallaxim</span> 
     </span>
    </p>

    <p class='ocr_par' dir='ltr' id='par_1_6' title="bbox 171 2276 1515 2760">
     <span class='ocr_line' id='line_1_21' title="bbox 218 2276 1514 2379; baseline 0.004 -26"><span class='ocrx_word' id='word_1_204' title='bbox 218 2281 368 2368; x_wconf 79' lang='lat' dir='ltr'>sibilem,</span> <span class='ocrx_word' id='word_1_205' title='bbox 389 2277 447 2353; x_wconf 84' lang='lat' dir='ltr'>ctsr</span> <span class='ocrx_word' id='word_1_206' title='bbox 472 2304 542 2353; x_wconf 91' lang='lat' dir='ltr'>tum</span> <span class='ocrx_word' id='word_1_207' title='bbox 563 2287 718 2379; x_wconf 89' lang='lat' dir='ltr'>temporis</span> <span class='ocrx_word' id='word_1_208' title='bbox 734 2278 832 2376; x_wconf 74' lang='lat' dir='ltr'>longd</span> <span class='ocrx_word' id='word_1_209' title='bbox 850 2276 926 2350; x_wconf 89' lang='lat' dir='ltr'>esset</span> <span class='ocrx_word' id='word_1_210' title='bbox 941 2300 1031 2350; x_wconf 84' lang='lat' dir='ltr'>tertre</span> <span class='ocrx_word' id='word_1_211' title='bbox 1051 2284 1190 2351; x_wconf 80' lang='lat' dir='ltr'>vicinior</span> <span class='ocrx_word' id='word_1_212' title='bbox 1215 2283 1303 2357; x_wconf 89' lang='lat' dir='ltr'>Sole.</span> <span class='ocrx_word' id='word_1_213' title='bbox 1349 2291 1388 2359; x_wconf 84' lang='lat' dir='ltr'>Et</span> <span class='ocrx_word' id='word_1_214' title='bbox 1404 2310 1514 2358; x_wconf 77' lang='lat' dir='ltr'>tamen</span> 
     </span>
     <span class='ocr_line' id='line_1_22' title="bbox 171 2372 1515 2478; baseline 0.003 -29"><span class='ocrx_word' id='word_1_215' title='bbox 171 2384 252 2469; x_wconf 71' lang='lat' dir='ltr'>juxta</span> <span class='ocrx_word' id='word_1_216' title='bbox 262 2372 459 2478; x_wconf 75' lang='lat' dir='ltr'>hypotheses</span> <span class='ocrx_word' id='word_1_217' title='bbox 470 2375 688 2476; x_wconf 88' lang='lat' dir='ltr'>complurium</span> <span class='ocrx_word' id='word_1_218' title='bbox 702 2377 972 2447; x_wconf 78' lang='lat' dir='ltr'>Astronomorum</span> <span class='ocrx_word' id='word_1_219' title='bbox 985 2372 1171 2470; x_wconf 79' lang='lat' dir='ltr'>parallaxim</span> <span class='ocrx_word' id='word_1_220' title='bbox 1188 2381 1306 2447; x_wconf 86' lang='lat' dir='ltr'>Martis</span> <span class='ocrx_word' id='word_1_221' title='bbox 1323 2405 1391 2450; x_wconf 90' lang='lat' dir='ltr'>non</span> <span class='ocrx_word' id='word_1_222' title='bbox 1403 2386 1515 2453; x_wconf 80' lang='lat' dir='ltr'>mirio-</span> 
     </span>
     <span class='ocr_line' id='line_1_23' title="bbox 171 2471 1206 2582; baseline -0.004 -42"><span class='ocrx_word' id='word_1_223' title='bbox 171 2497 235 2545; x_wconf 86' lang='lat' dir='ltr'>rem</span> <span class='ocrx_word' id='word_1_224' title='bbox 254 2503 277 2563; x_wconf 87' lang='lat'>7</span> <span class='ocrx_word' id='word_1_225' title='bbox 299 2497 356 2545; x_wconf 80' lang='lat' dir='ltr'>aut</span> <span class='ocrx_word' id='word_1_226' title='bbox 371 2475 390 2544; x_wconf 89' lang='lat'><em>8</em></span> <span class='ocrx_word' id='word_1_227' title='bbox 403 2477 535 2543; x_wconf 91' lang='lat' dir='ltr'>minutis</span> <span class='ocrx_word' id='word_1_228' title='bbox 549 2471 610 2543; x_wconf 82' lang='lat' dir='ltr'>elle</span> <span class='ocrx_word' id='word_1_229' title='bbox 623 2490 798 2569; x_wconf 81' lang='lat' dir='ltr'>oporteret·</span> <span class='ocrx_word' id='word_1_230' title='bbox 906 2566 914 2582; x_wconf 31' lang='grc' dir='ltr'><strong><em>ο</em></strong></span> <span class='ocrx_word' id='word_1_231' title='bbox 952 2507 962 2527; x_wconf 66' lang='grc' dir='ltr'><em>ι</em></span> <span class='ocrx_word' id='word_1_232' title='bbox 1201 2507 1206 2512; x_wconf 65' lang='grc'><strong>«</strong></span> 
     </span>
     <span class='ocr_line' id='line_1_24' title="bbox 173 2557 1514 2760; baseline 0.002 -26"><span class='ocrx_word' id='word_1_233' title='bbox 173 2567 414 2734; x_wconf 60' lang='lat' dir='ltr'>stritus</span> <span class='ocrx_word' id='word_1_234' title='bbox 427 2567 793 2734; x_wconf 41' lang='lat' dir='ltr'>{usuarius</span> <span class='ocrx_word' id='word_1_235' title='bbox 804 2557 1514 2760; x_wconf 44' lang='lat' dir='ltr'>trusus:&amp;stultulus</span> 
     </span>
    </p>

    <p class='ocr_par' dir='ltr' id='par_1_7' title="bbox 167 2753 1514 3143">
     <span class='ocr_line' id='line_1_25' title="bbox 226 2753 1514 2851; baseline 0.001 -21"><span class='ocrx_word' id='word_1_236' title='bbox 226 2772 260 2832; x_wconf 88' lang='lat'>6.</span> <span class='ocrx_word' id='word_1_237' title='bbox 288 2756 350 2828; x_wconf 88' lang='lat' dir='ltr'>Sed</span> <span class='ocrx_word' id='word_1_238' title='bbox 362 2783 403 2828; x_wconf 87' lang='lat' dir='ltr'>ex</span> <span class='ocrx_word' id='word_1_239' title='bbox 416 2754 530 2827; x_wconf 85' lang='lat' dir='ltr'>crebris</span> <span class='ocrx_word' id='word_1_240' title='bbox 550 2753 824 2829; x_wconf 81' lang='lat' dir='ltr'>observationibus</span> <span class='ocrx_word' id='word_1_241' title='bbox 848 2753 928 2825; x_wconf 93' lang='lat' dir='ltr'>illud</span> <span class='ocrx_word' id='word_1_242' title='bbox 948 2778 1154 2851; x_wconf 89' lang='lat' dir='ltr'>compertum</span> <span class='ocrx_word' id='word_1_243' title='bbox 1167 2757 1253 2846; x_wconf 89' lang='lat' dir='ltr'>suit,</span> <span class='ocrx_word' id='word_1_244' title='bbox 1274 2759 1400 2829; x_wconf 85' lang='lat' dir='ltr'>Lunam</span> <span class='ocrx_word' id='word_1_245' title='bbox 1422 2781 1514 2832; x_wconf 81' lang='lat' dir='ltr'>tertre</span> 
     </span>
     <span class='ocr_line' id='line_1_26' title="bbox 169 2848 1512 2948; baseline 0.003 -24"><span class='ocrx_word' id='word_1_246' title='bbox 169 2852 238 2924; x_wconf 69' lang='lat' dir='ltr'>fitis</span> <span class='ocrx_word' id='word_1_247' title='bbox 247 2850 313 2924; x_wconf 83' lang='lat' dir='ltr'>effe</span> <span class='ocrx_word' id='word_1_248' title='bbox 329 2856 489 2939; x_wconf 76' lang='lat' dir='ltr'>vicinam,</span> <span class='ocrx_word' id='word_1_249' title='bbox 504 2876 540 2923; x_wconf 95' lang='lat' dir='ltr'>ut</span> <span class='ocrx_word' id='word_1_250' title='bbox 552 2854 698 2942; x_wconf 79' lang='lat' dir='ltr'>distantia</span> <span class='ocrx_word' id='word_1_251' title='bbox 710 2853 872 2925; x_wconf 82' lang='lat' dir='ltr'>Lutetiam</span> <span class='ocrx_word' id='word_1_252' title='bbox 886 2854 969 2922; x_wconf 89' lang='lat' dir='ltr'>inter</span> <span class='ocrx_word' id='word_1_253' title='bbox 979 2857 1012 2922; x_wconf 78' lang='lat' dir='ltr'>de</span> <span class='ocrx_word' id='word_1_254' title='bbox 1025 2851 1217 2948; x_wconf 77' lang='lat' dir='ltr'>Caycnnam</span> <span class='ocrx_word' id='word_1_255' title='bbox 1232 2852 1269 2925; x_wconf 82' lang='lat' dir='ltr'>st</span> <span class='ocrx_word' id='word_1_256' title='bbox 1281 2848 1454 2941; x_wconf 77' lang='lat' dir='ltr'>senfibilis,</span> <span class='ocrx_word' id='word_1_257' title='bbox 1475 2860 1512 2927; x_wconf 80' lang='lat' dir='ltr'>dt</span> 
     </span>
     <span class='ocr_line' id='line_1_27' title="bbox 170 2944 1512 3046; baseline -0.001 -20"><span class='ocrx_word' id='word_1_258' title='bbox 170 2947 243 3026; x_wconf 74' lang='lat' dir='ltr'>bais</span> <span class='ocrx_word' id='word_1_259' title='bbox 263 2945 564 3020; x_wconf 78' lang='lat' dir='ltr'>locosrtdillanriae</span> <span class='ocrx_word' id='word_1_260' title='bbox 576 2951 681 3034; x_wconf 38' lang='lat' dir='ltr'>slunae</span> <span class='ocrx_word' id='word_1_261' title='bbox 696 2944 897 3019; x_wconf 69' lang='lat' dir='ltr'>dimetienda</span> <span class='ocrx_word' id='word_1_262' title='bbox 909 2945 1034 3019; x_wconf 69' lang='lat' dir='ltr'>iduum</span> <span class='ocrx_word' id='word_1_263' title='bbox 1143 2954 1224 3020; x_wconf 77' lang='lat' dir='ltr'>ratio</span> <span class='ocrx_word' id='word_1_264' title='bbox 1238 2951 1512 3046; x_wconf 71' lang='lat' dir='ltr'>ejusinsenioue</span> 
     </span>
     <span class='ocr_line' id='line_1_28' title="bbox 167 3040 1358 3143; baseline 0.003 -29"><span class='ocrx_word' id='word_1_265' title='bbox 167 3047 317 3117; x_wconf 81' lang='lat' dir='ltr'>dislantiae</span> <span class='ocrx_word' id='word_1_266' title='bbox 328 3043 405 3115; x_wconf 89' lang='lat' dir='ltr'>licet</span> <span class='ocrx_word' id='word_1_267' title='bbox 418 3040 593 3113; x_wconf 84' lang='lat' dir='ltr'>admodum</span> <span class='ocrx_word' id='word_1_268' title='bbox 616 3068 637 3112; x_wconf 93' lang='lat' dir='ltr'>o</span> <span class='ocrx_word' id='word_1_269' title='bbox 662 3066 800 3140; x_wconf 74' lang='lat' dir='ltr'>portuno</span> <span class='ocrx_word' id='word_1_270' title='bbox 818 3043 963 3111; x_wconf 89' lang='lat' dir='ltr'>nondum</span> <span class='ocrx_word' id='word_1_271' title='bbox 975 3063 1069 3111; x_wconf 83' lang='lat' dir='ltr'>antea</span> <span class='ocrx_word' id='word_1_272' title='bbox 1120 3066 1186 3115; x_wconf 82' lang='lat' dir='ltr'>erat</span> <span class='ocrx_word' id='word_1_273' title='bbox 1200 3043 1358 3143; x_wconf 80' lang='lat' dir='ltr'>usurpata.</span> 
     </span>
    </p>

    <p class='ocr_par' dir='ltr' id='par_1_8' title="bbox 168 3069 1514 3426">
     <span class='ocr_line' id='line_1_29' title="bbox 212 3069 1514 3237; baseline 0.004 -25"><span class='ocrx_word' id='word_1_274' title='bbox 212 3171 244 3230; x_wconf 87' lang='lat'>7.</span> <span class='ocrx_word' id='word_1_275' title='bbox 277 3139 478 3237; x_wconf 84' lang='lat' dir='ltr'>Complures</span> <span class='ocrx_word' id='word_1_276' title='bbox 499 3145 533 3208; x_wconf 78' lang='lat' dir='ltr'>dr</span> <span class='ocrx_word' id='word_1_277' title='bbox 552 3069 723 3236; x_wconf 72' lang='lat' dir='ltr'>fingubres</span> <span class='ocrx_word' id='word_1_278' title='bbox 742 3143 830 3210; x_wconf 85' lang='lat' dir='ltr'>eirca</span> <span class='ocrx_word' id='word_1_279' title='bbox 853 3136 1056 3208; x_wconf 86' lang='lat' dir='ltr'>Mercurium</span> <span class='ocrx_word' id='word_1_280' title='bbox 1073 3128 1166 3208; x_wconf 69' lang='lat' dir='ltr'>sauz</span> <span class='ocrx_word' id='word_1_281' title='bbox 1179 3136 1514 3232; x_wconf 56' lang='lat' dir='ltr'>suntobservationen</span> 
     </span>
     <span class='ocr_line' id='line_1_30' title="bbox 170 3229 1513 3338; baseline 0.003 -32"><span class='ocrx_word' id='word_1_282' title='bbox 170 3259 303 3334; x_wconf 69' lang='lat' dir='ltr'>quoque</span> <span class='ocrx_word' id='word_1_283' title='bbox 320 3237 457 3306; x_wconf 81' lang='lat' dir='ltr'>Lutetiae</span> <span class='ocrx_word' id='word_1_284' title='bbox 479 3229 548 3303; x_wconf 79' lang='lat' dir='ltr'>fieri</span> <span class='ocrx_word' id='word_1_285' title='bbox 565 3258 631 3303; x_wconf 90' lang='lat' dir='ltr'>non</span> <span class='ocrx_word' id='word_1_286' title='bbox 646 3255 820 3332; x_wconf 86' lang='lat' dir='ltr'>potuerunt</span> <span class='ocrx_word' id='word_1_287' title='bbox 836 3257 845 3303; x_wconf 91' lang='lat'>:</span> <span class='ocrx_word' id='word_1_288' title='bbox 863 3255 985 3331; x_wconf 80' lang='lat' dir='ltr'>magno</span> <span class='ocrx_word' id='word_1_289' title='bbox 1006 3230 1061 3327; x_wconf 63' lang='lat' dir='ltr'>illq</span> <span class='ocrx_word' id='word_1_290' title='bbox 1084 3231 1153 3305; x_wconf 89' lang='lat' dir='ltr'>usui</span> <span class='ocrx_word' id='word_1_291' title='bbox 1169 3234 1230 3309; x_wconf 83' lang='lat' dir='ltr'>else</span> <span class='ocrx_word' id='word_1_292' title='bbox 1247 3236 1374 3338; x_wconf 87' lang='lat' dir='ltr'>pollunt</span> <span class='ocrx_word' id='word_1_293' title='bbox 1393 3238 1513 3311; x_wconf 80' lang='lat' dir='ltr'>rabulis</span> 
     </span>
     <span class='ocr_line' id='line_1_31' title="bbox 168 3327 665 3426; baseline 0.002 -27"><span class='ocrx_word' id='word_1_294' title='bbox 168 3330 255 3425; x_wconf 85' lang='lat' dir='ltr'>hujus</span> <span class='ocrx_word' id='word_1_295' title='bbox 278 3331 417 3426; x_wconf 83' lang='lat' dir='ltr'>planetae</span> <span class='ocrx_word' id='word_1_296' title='bbox 444 3327 665 3402; x_wconf 82' lang='lat' dir='ltr'>instaurandis.</span> 
     </span>
    </p>

    <p class='ocr_par' dir='ltr' id='par_1_9' title="bbox 166 3419 1511 3619">
     <span class='ocr_line' id='line_1_32' title="bbox 210 3419 1510 3523; baseline 0.002 -27"><span class='ocrx_word' id='word_1_297' title='bbox 210 3438 242 3500; x_wconf 88' lang='lat'>8.</span> <span class='ocrx_word' id='word_1_298' title='bbox 258 3421 395 3523; x_wconf 83' lang='lat' dir='ltr'>Eclipsrs</span> <span class='ocrx_word' id='word_1_299' title='bbox 414 3426 514 3495; x_wconf 80' lang='lat' dir='ltr'>Lunae</span> <span class='ocrx_word' id='word_1_300' title='bbox 527 3419 634 3494; x_wconf 87' lang='lat' dir='ltr'>mense</span> <span class='ocrx_word' id='word_1_301' title='bbox 655 3419 838 3521; x_wconf 85' lang='lat' dir='ltr'>Septembri</span> <span class='ocrx_word' id='word_1_302' title='bbox 858 3425 935 3494; x_wconf 88' lang='lat' dir='ltr'>anni</span> <span class='ocrx_word' id='word_1_303' title='bbox 956 3436 1059 3511; x_wconf 82' lang='lat'>1672,</span> <span class='ocrx_word' id='word_1_304' title='bbox 1090 3427 1229 3523; x_wconf 84' lang='lat' dir='ltr'>Eclipses</span> <span class='ocrx_word' id='word_1_305' title='bbox 1254 3429 1365 3498; x_wconf 84' lang='lat' dir='ltr'>itidem</span> <span class='ocrx_word' id='word_1_306' title='bbox 1388 3427 1510 3500; x_wconf 80' lang='lat' dir='ltr'>satelli·</span> 
     </span>
     <span class='ocr_line' id='line_1_33' title="bbox 166 3515 1511 3619; baseline 0.001 -27"><span class='ocrx_word' id='word_1_307' title='bbox 166 3542 231 3592; x_wconf 88' lang='lat' dir='ltr'>tum</span> <span class='ocrx_word' id='word_1_308' title='bbox 246 3524 344 3619; x_wconf 81' lang='lat' dir='ltr'>Jovis</span> <span class='ocrx_word' id='word_1_309' title='bbox 359 3516 534 3612; x_wconf 87' lang='lat' dir='ltr'>utrobique</span> <span class='ocrx_word' id='word_1_310' title='bbox 551 3515 644 3591; x_wconf 82' lang='lat' dir='ltr'>fimul</span> <span class='ocrx_word' id='word_1_311' title='bbox 663 3517 735 3591; x_wconf 79' lang='lat' dir='ltr'>visre</span> <span class='ocrx_word' id='word_1_312' title='bbox 751 3519 1001 3588; x_wconf 82' lang='lat' dir='ltr'>meridianorum</span> <span class='ocrx_word' id='word_1_313' title='bbox 1026 3522 1190 3616; x_wconf 88' lang='lat' dir='ltr'>utriusque</span> <span class='ocrx_word' id='word_1_314' title='bbox 1211 3522 1277 3593; x_wconf 88' lang='lat' dir='ltr'>loci</span> <span class='ocrx_word' id='word_1_315' title='bbox 1294 3520 1511 3593; x_wconf 74' lang='lat' dir='ltr'>differentiam</span> 
     </span>
    </p>
   </div>
   <div class='ocr_carea' id='block_1_3' title="bbox 169 3608 1517 3712">
    <p class='ocr_par' dir='ltr' id='par_1_10' title="bbox 169 3608 1517 3712">
     <span class='ocr_line' id='line_1_34' title="bbox 169 3608 1517 3712; baseline 0 -23"><span class='ocrx_word' id='word_1_316' title='bbox 169 3617 365 3712; x_wconf 74' lang='lat' dir='ltr'>prebuerant</span> <span class='ocrx_word' id='word_1_317' title='bbox 384 3613 539 3686; x_wconf 79' lang='lat' dir='ltr'>horarum</span> <span class='ocrx_word' id='word_1_318' title='bbox 557 3644 593 3703; x_wconf 78' lang='lat'>3,</span> <span class='ocrx_word' id='word_1_319' title='bbox 616 3623 658 3688; x_wconf 86' lang='lat'>28</span> <span class='ocrx_word' id='word_1_320' title='bbox 676 3620 759 3688; x_wconf 81' lang='lat' dir='ltr'>min.</span> <span class='ocrx_word' id='word_1_321' title='bbox 774 3639 812 3703; x_wconf 75' lang='lat'>30</span> <span class='ocrx_word' id='word_1_322' title='bbox 829 3608 891 3685; x_wconf 89' lang='lat' dir='ltr'>sec.</span> <span class='ocrx_word' id='word_1_323' title='bbox 922 3616 1006 3709; x_wconf 76' lang='lat' dir='ltr'>Qut</span> <span class='ocrx_word' id='word_1_324' title='bbox 1030 3618 1066 3683; x_wconf 89' lang='lat' dir='ltr'>in</span> <span class='ocrx_word' id='word_1_325' title='bbox 1081 3613 1197 3712; x_wconf 78' lang='lat' dir='ltr'>gradus</span> <span class='ocrx_word' id='word_1_326' title='bbox 1223 3616 1356 3687; x_wconf 77' lang='lat' dir='ltr'>reducta</span> <span class='ocrx_word' id='word_1_327' title='bbox 1377 3643 1412 3712; x_wconf 80' lang='lat'>5²</span> <span class='ocrx_word' id='word_1_328' title='bbox 1435 3622 1469 3689; x_wconf 82' lang='lat' dir='ltr'>dt</span> <span class='ocrx_word' id='word_1_329' title='bbox 1488 3636 1517 3704; x_wconf 73' lang='lat' dir='ltr'>r</span> 
     </span>
    </p>
   </div>
   <div class='ocr_carea' id='block_1_4' title="bbox 170 3707 1511 3877">
    <p class='ocr_par' dir='ltr' id='par_1_11' title="bbox 170 3707 1511 3877">
     <span class='ocr_line' id='line_1_35' title="bbox 170 3707 1511 3877; baseline 0.005 -98"><span class='ocrx_word' id='word_1_330' title='bbox 170 3709 321 3784; x_wconf 75' lang='lat' dir='ltr'>efficiunt.</span> <span class='ocrx_word' id='word_1_331' title='bbox 347 3709 451 3808; x_wconf 80' lang='lat' dir='ltr'>Quod</span> <span class='ocrx_word' id='word_1_332' title='bbox 463 3716 497 3781; x_wconf 82' lang='lat' dir='ltr'>dt</span> <span class='ocrx_word' id='word_1_333' title='bbox 511 3709 724 3784; x_wconf 84' lang='lat' dir='ltr'>Astronomiae</span> <span class='ocrx_word' id='word_1_334' title='bbox 738 3716 773 3782; x_wconf 75' lang='grc' dir='ltr'>δε</span> <span class='ocrx_word' id='word_1_335' title='bbox 791 3709 1004 3877; x_wconf 63' lang='lat' dir='ltr'>Navigptioni</span> <span class='ocrx_word' id='word_1_336' title='bbox 1017 3707 1095 3780; x_wconf 87' lang='lat' dir='ltr'>utile</span> <span class='ocrx_word' id='word_1_337' title='bbox 1108 3709 1255 3784; x_wconf 88' lang='lat' dir='ltr'>futurum</span> <span class='ocrx_word' id='word_1_338' title='bbox 1271 3708 1315 3782; x_wconf 83' lang='lat' dir='ltr'>eil</span> <span class='ocrx_word' id='word_1_339' title='bbox 1325 3767 1337 3797; x_wconf 91' lang='lat'>,</span> <span class='ocrx_word' id='word_1_340' title='bbox 1349 3735 1383 3783; x_wconf 93' lang='lat' dir='ltr'>ur</span> <span class='ocrx_word' id='word_1_341' title='bbox 1399 3710 1511 3786; x_wconf 86' lang='lat' dir='ltr'>obser-</span> 
     </span>
    </p>
   </div>
   <div class='ocr_carea' id='block_1_5' title="bbox 165 3798 1508 4870">
    <p class='ocr_par' dir='ltr' id='par_1_12' title="bbox 165 3798 1508 4358">
     <span class='ocr_line' id='line_1_36' title="bbox 168 3798 863 3968; baseline -0.007 -89"><span class='ocrx_word' id='word_1_342' title='bbox 168 3810 310 3968; x_wconf 54' lang='lat' dir='ltr'>gptniouet</span> <span class='ocrx_word' id='word_1_343' title='bbox 330 3800 506 3904; x_wconf 86' lang='lat' dir='ltr'>utrobique</span> <span class='ocrx_word' id='word_1_344' title='bbox 523 3801 614 3877; x_wconf 71' lang='lat' dir='ltr'>susle</span> <span class='ocrx_word' id='word_1_345' title='bbox 630 3798 863 3893; x_wconf 78' lang='lat' dir='ltr'>conciliemur,</span> 
     </span>
     <span class='ocr_line' id='line_1_37' title="bbox 182 3916 1431 3976; baseline 0.002 -6"><span class='ocrx_word' id='word_1_346' title='bbox 182 3916 184 3921; x_wconf 83' lang='grc'>’</span> <span class='ocrx_word' id='word_1_347' title='bbox 235 3922 297 3976; x_wconf 88' lang='lat' dir='ltr'>tur.</span> <span class='ocrx_word' id='word_1_348' title='bbox 1425 3946 1431 3950; x_wconf 95' lang='lat'><em>-</em></span> 
     </span>
     <span class='ocr_line' id='line_1_38' title="bbox 166 3995 1508 4196; baseline 0.008 -36"><span class='ocrx_word' id='word_1_349' title='bbox 166 3995 1508 4196; x_wconf 53' lang='lat' dir='ltr'>nsffimsllslffidllllllimillllsslllllgsllisslgffssss</span> 
     </span>
     <span class='ocr_line' id='line_1_39' title="bbox 165 4185 1504 4358; baseline 0.004 -97"><span class='ocrx_word' id='word_1_350' title='bbox 165 4209 491 4358; x_wconf 49' lang='lat' dir='ltr'>{pirptcatrxemurarum</span> <span class='ocrx_word' id='word_1_351' title='bbox 509 4185 809 4274; x_wconf 77' lang='lat' dir='ltr'>observationibus,</span> <span class='ocrx_word' id='word_1_352' title='bbox 828 4212 914 4262; x_wconf 88' lang='lat' dir='ltr'>nunc</span> <span class='ocrx_word' id='word_1_353' title='bbox 931 4188 1007 4259; x_wconf 90' lang='lat' dir='ltr'>licet</span> <span class='ocrx_word' id='word_1_354' title='bbox 1026 4193 1201 4262; x_wconf 81' lang='lat' dir='ltr'>accuratius</span> <span class='ocrx_word' id='word_1_355' title='bbox 1216 4197 1249 4262; x_wconf 90' lang='lat' dir='ltr'>in</span> <span class='ocrx_word' id='word_1_356' title='bbox 1270 4191 1389 4265; x_wconf 69' lang='lat' dir='ltr'>coelesti</span> <span class='ocrx_word' id='word_1_357' title='bbox 1402 4189 1504 4293; x_wconf 88' lang='lat' dir='ltr'>globo</span> 
     </span>
    </p>

    <p class='ocr_par' dir='ltr' id='par_1_13' title="bbox 170 4342 1508 4870">
     <span class='ocr_line' id='line_1_40' title="bbox 211 4342 1508 4484; baseline 0.002 -29"><span class='ocrx_word' id='word_1_358' title='bbox 211 4403 263 4462; x_wconf 75' lang='grc' dir='ltr'>ιο.</span> <span class='ocrx_word' id='word_1_359' title='bbox 300 4342 448 4457; x_wconf 82' lang='lat' dir='ltr'>Eleuario</span> <span class='ocrx_word' id='word_1_360' title='bbox 472 4383 540 4484; x_wconf 90' lang='lat' dir='ltr'>poli</span> <span class='ocrx_word' id='word_1_361' title='bbox 569 4393 636 4472; x_wconf 83' lang='lat' dir='ltr'>ejus</span> <span class='ocrx_word' id='word_1_362' title='bbox 665 4381 779 4477; x_wconf 21' lang='lat' dir='ltr'>insule*</span> <span class='ocrx_word' id='word_1_363' title='bbox 799 4406 853 4481; x_wconf 88' lang='lat' dir='ltr'>per</span> <span class='ocrx_word' id='word_1_364' title='bbox 876 4379 975 4452; x_wconf 80' lang='lat' dir='ltr'>stellas</span> <span class='ocrx_word' id='word_1_365' title='bbox 998 4380 1104 4467; x_wconf 81' lang='lat' dir='ltr'>fixas,</span> <span class='ocrx_word' id='word_1_366' title='bbox 1133 4407 1191 4479; x_wconf 91' lang='lat' dir='ltr'>per</span> <span class='ocrx_word' id='word_1_367' title='bbox 1216 4381 1396 4456; x_wconf 84' lang='lat' dir='ltr'>altitudines</span> <span class='ocrx_word' id='word_1_368' title='bbox 1420 4386 1508 4457; x_wconf 89' lang='lat' dir='ltr'>Solis</span> 
     </span>
     <span class='ocr_line' id='line_1_41' title="bbox 170 4478 1504 4578; baseline 0.005 -35"><span class='ocrx_word' id='word_1_369' title='bbox 170 4484 387 4565; x_wconf 79' lang='lat' dir='ltr'>meridianas,</span> <span class='ocrx_word' id='word_1_370' title='bbox 413 4508 451 4553; x_wconf 82' lang='lat' dir='ltr'>ac</span> <span class='ocrx_word' id='word_1_371' title='bbox 472 4486 604 4553; x_wconf 89' lang='lat' dir='ltr'>demum</span> <span class='ocrx_word' id='word_1_372' title='bbox 630 4507 685 4577; x_wconf 90' lang='lat' dir='ltr'>per</span> <span class='ocrx_word' id='word_1_373' title='bbox 719 4488 896 4551; x_wconf 81' lang='lat' dir='ltr'>maximam</span> <span class='ocrx_word' id='word_1_374' title='bbox 923 4486 957 4549; x_wconf 81' lang='lat' dir='ltr'>St</span> <span class='ocrx_word' id='word_1_375' title='bbox 980 4482 1151 4550; x_wconf 81' lang='lat' dir='ltr'>minimam</span> <span class='ocrx_word' id='word_1_376' title='bbox 1186 4478 1278 4550; x_wconf 78' lang='lat' dir='ltr'>stelle</span> <span class='ocrx_word' id='word_1_377' title='bbox 1310 4481 1429 4578; x_wconf 81' lang='lat' dir='ltr'>polaris</span> <span class='ocrx_word' id='word_1_378' title='bbox 1452 4480 1504 4550; x_wconf 84' lang='lat' dir='ltr'>al-</span> 
     </span>
     <span class='ocr_line' id='line_1_42' title="bbox 171 4571 1503 4675; baseline 0.002 -35"><span class='ocrx_word' id='word_1_379' title='bbox 171 4575 334 4645; x_wconf 88' lang='lat' dir='ltr'>titudinem</span> <span class='ocrx_word' id='word_1_380' title='bbox 365 4578 515 4675; x_wconf 78' lang='lat' dir='ltr'>indagata</span> <span class='ocrx_word' id='word_1_381' title='bbox 547 4575 715 4646; x_wconf 81' lang='lat' dir='ltr'>manifesto</span> <span class='ocrx_word' id='word_1_382' title='bbox 743 4576 878 4647; x_wconf 87' lang='lat' dir='ltr'>ostendit</span> <span class='ocrx_word' id='word_1_383' title='bbox 906 4571 1111 4645; x_wconf 79' lang='lat' dir='ltr'>refradliones</span> <span class='ocrx_word' id='word_1_384' title='bbox 1136 4576 1240 4647; x_wconf 90' lang='lat' dir='ltr'>multo</span> <span class='ocrx_word' id='word_1_385' title='bbox 1276 4574 1369 4645; x_wconf 88' lang='lat' dir='ltr'>altius</span> <span class='ocrx_word' id='word_1_386' title='bbox 1402 4599 1503 4671; x_wconf 90' lang='lat' dir='ltr'>quarn</span> 
     </span>
     <span class='ocr_line' id='line_1_43' title="bbox 171 4668 1505 4766; baseline -0.003 -28"><span class='ocrx_word' id='word_1_387' title='bbox 171 4670 323 4743; x_wconf 79' lang='lat' dir='ltr'>veteribus</span> <span class='ocrx_word' id='word_1_388' title='bbox 362 4672 568 4743; x_wconf 80' lang='lat' dir='ltr'>Astronomis</span> <span class='ocrx_word' id='word_1_389' title='bbox 592 4670 694 4741; x_wconf 88' lang='lat' dir='ltr'>visum</span> <span class='ocrx_word' id='word_1_390' title='bbox 723 4670 812 4758; x_wconf 86' lang='lat' dir='ltr'>fuir,</span> <span class='ocrx_word' id='word_1_391' title='bbox 834 4673 913 4740; x_wconf 80' lang='lat' dir='ltr'>astra</span> <span class='ocrx_word' id='word_1_392' title='bbox 941 4669 1090 4742; x_wconf 85' lang='lat' dir='ltr'>attollere</span> <span class='ocrx_word' id='word_1_393' title='bbox 1113 4673 1225 4742; x_wconf 82' lang='lat' dir='ltr'>tadeo</span> <span class='ocrx_word' id='word_1_394' title='bbox 1248 4688 1297 4746; x_wconf 73' lang='lat' dir='ltr'>&#39;ut</span> <span class='ocrx_word' id='word_1_395' title='bbox 1329 4668 1396 4766; x_wconf 87' lang='lat' dir='ltr'>poli</span> <span class='ocrx_word' id='word_1_396' title='bbox 1427 4668 1505 4738; x_wconf 85' lang='lat' dir='ltr'>alti-</span> 
     </span>
     <span class='ocr_line' id='line_1_44' title="bbox 173 4763 1505 4870; baseline -0.011 -24"><span class='ocrx_word' id='word_1_397' title='bbox 173 4770 287 4846; x_wconf 74' lang='lat' dir='ltr'>uduo</span> <span class='ocrx_word' id='word_1_398' title='bbox 309 4789 358 4841; x_wconf 81' lang='lat' dir='ltr'>cx</span> <span class='ocrx_word' id='word_1_399' title='bbox 377 4765 466 4842; x_wconf 75' lang='lat' dir='ltr'>stella</span> <span class='ocrx_word' id='word_1_400' title='bbox 486 4767 591 4870; x_wconf 81' lang='lat' dir='ltr'>polari</span> <span class='ocrx_word' id='word_1_401' title='bbox 610 4765 760 4841; x_wconf 74' lang='lat' dir='ltr'>deduslas</span> <span class='ocrx_word' id='word_1_402' title='bbox 781 4770 940 4865; x_wconf 83' lang='lat' dir='ltr'>corrigere</span> <span class='ocrx_word' id='word_1_403' title='bbox 964 4771 1101 4841; x_wconf 87' lang='lat' dir='ltr'>omnino</span> <span class='ocrx_word' id='word_1_404' title='bbox 1122 4764 1327 4838; x_wconf 72' lang='lat' dir='ltr'>neccssariur‘u</span> <span class='ocrx_word' id='word_1_405' title='bbox 1346 4763 1505 4852; x_wconf 81' lang='lat' dir='ltr'>videatur,</span> 
     </span>
    </p>
   </div>
   <div class='ocr_carea' id='block_1_6' title="bbox 935 3800 1513 3912">
    <p class='ocr_par' dir='ltr' id='par_1_14' title="bbox 935 3800 1513 3912">
     <span class='ocr_line' id='line_1_45' title="bbox 935 3800 1513 3912; baseline 0.016 -38"><span class='ocrx_word' id='word_1_406' title='bbox 935 3800 1049 3875; x_wconf 75' lang='lat' dir='ltr'>tabule</span> <span class='ocrx_word' id='word_1_407' title='bbox 1070 3801 1349 3906; x_wconf 81' lang='lat' dir='ltr'>Hydrographicae</span> <span class='ocrx_word' id='word_1_408' title='bbox 1361 3833 1513 3912; x_wconf 20' lang='lat' dir='ltr'>compro-s</span> 
     </span>
    </p>
   </div>
   <div class='ocr_carea' id='block_1_7' title="bbox 0 0 1828 5430">
    <p class='ocr_par' dir='ltr' id='par_1_15' title="bbox 0 0 1828 5430">
     <span class='ocr_line' id='line_1_46' title="bbox 0 0 1828 5430; baseline 0 0"><span class='ocrx_word' id='word_1_409' title='bbox 0 0 1828 5430; x_wconf 95' lang='lat' dir='ltr'> </span> 
     </span>
    </p>
   </div>
  </div>
 </body>
</html>
