3646 5430
274 362 309 413 tt
530 326 767 406 “RE''GI'AE
801 325 1291 403 *s'CIENTrARUM
1388 315 1395 333 ⁸
1570 407 1589 441 a

135 433 252 508 naa.
269 419 426 506 solutione
443 425 619 527 disruptum
643 435 682 499 iri
701 424 833 526 putabat
853 411 873 515 ,⁸
888 425 976 523 quod
998 427 1111 518 utique
1131 448 1316 496 atomorum
1339 446 1457 496 natura
1487 423 1630 496 omnrnr'r

134 535 225 605 ⁸668·
270 543 444 629 repugnat,
460 522 511 595 sed
530 547 567 592 ex
583 530 722 620 partium
737 520 859 618 figura,
878 544 971 592 motu
987 527 1020 590 &
1040 542 1172 590 textura.
1237 521 1311 589 Nec
1330 519 1485 614 bemici
1507 525 1563 615 qui
1581 517 1631 588 sa-

269 624 313 694 les
330 605 563 719 cbagulationis
584 624 740 716 principia
766 620 987 702 constituunt,
1013 613 1091 682 huic
1111 610 1270 683 sententiae
1291 611 1491 684 adversantur
1518 641 1526 682 :
1554 611 1639 683 sales

269 724 356 789 enim
369 737 487 787 vocant
505 715 581 783 dura
597 715 742 809 quaedam
763 721 796 783 dt
817 708 915 782 solida
937 732 1094 805 corpora,
1109 733 1179 804 quae
1192 706 1342 793 firmitate
1357 717 1390 779 δέ
1411 715 1562 779 tenuitate
1576 705 1634 778 sua

267 810 365 884 facile
395 835 470 880 cum
495 806 564 877 aliis
588 806 779 906 corporibus
808 803 1055 903 permiscentur,
1071 826 1251 897 eorumque
1273 802 1529 898 coagulationem
1549 829 1636 899 pro«

268 929 412 979 movent·
445 909 488 973 Ex
503 907 542 971 iis
558 902 612 973 alii
625 902 698 973 sunt
713 900 913 984 subtiliores,
928 900 982 970 alii
1003 895 1163 967 crassiores
1175 932 1184 985 3
1198 897 1243 966 illi
1262 895 1284 965 si
1300 893 1356 968 soli
1371 895 1453 983 sint,
1483 904 1534 968 vix
1559 899 1633 970 satis

269 1000 397 1073 firmam
410 999 670 1096 compaslionens
681 994 845 1082 efficiunt,
868 1001 916 1067 uti
927 1018 986 1064 nec
1000 990 1075 1062 sales
1091 991 1144 1060 fixi
1159 1000 1194 1064 δι
1210 987 1299 1060 crassr
1314 990 1385 1062 satis
1398 991 1469 1064 sunt
1487 1017 1634 1090 penetra-

269 1095 369 1184 biles,
386 1119 421 1165 ut
438 1114 540 1192 partes
555 1118 667 1163 omnes
686 1099 832 1193 corporis
842 1090 972 1164 subeant
989 1116 998 1160 r
1014 1089 1096 1158 unde
1110 1084 1176 1157 uni
1191 1085 1289 1158 ambo
1308 1096 1567 1184 conjunguntur,
1592 1108 1634 1159 ut

272 1193 444 1285 compassa
458 1197 491 1260 δι
510 1183 601 1258 firma
615 1184 756 1258 efficiant
770 1213 920 1287 corpora.

295 1355 302 1370 Ι
322 1291 371 1357 Χ.
394 1284 481 1353 Cum
496 1286 615 1378 igitur,
637 1282 823 1379 inquiebat,
845 1283 874 1353 la
898 1284 962 1353 ides
981 1304 1019 1352 ex
1063 1277 1156 1350 uibus
1180 1277 1248 1347 calx
1266 1275 1431 1363 efficitur,
1455 1278 1514 1350 srnr
1538 1280 1637 1368 duri,¹

272 1374 413 1465 &solidi
427 1436 437 1465 ‚
451 1375 508 1447 ubi
520 1382 600 1475 ignis
612 1376 777 1449 ardoribus
790 1311 1000 1449 dilsosiuntur
1015 1434 1024 1462 ‚
1039 1306 1116 1446 sales
1136 1371 1282 1444 volatiles
1297 1399 1371 1442 cum
1384 1371 1451 1441 fixis
1465 1398 1538 1444 ante
1553 1400 1638 1446 con.

269 1477 373 1573 junsli
386 1496 503 1564 magna
518 1496 555 1542 ex
590 1495 657 1543 arte
669 1473 799 1543 avolant
817 1531 827 1559 ,
848 1471 901 1541 fixi
915 1497 990 1541 cum
1002 1473 1134 1542 terrenis
1150 1465 1343 1564 corpusculis
1368 1490 1530 1564 utcunque
1548 1494 1644 1541 con*

271 1552 454 1655 sociantur}
469 1576 502 1638 δι
521 1499 606 1638 mal&
618 1570 825 1663 compassum
845 1565 991 1638 efficiunt
1012 1588 1128 1661 corpus
1147 1566 1320 1632 innumeris
1348 1566 1433 1657 poris
1458 1568 1606 1658 pervium
1622 1588 1641 1653 ,·

272 1689 356 1760 quos
371 1660 496 1761 spiritus
516 1661 675 1756 sulphurei
689 1661 884 1758 relinquunt.
910 1665 1112 1732 Extinstione
1128 1652 1194 1754 ipsa
1207 1654 1283 1727 sales
1294 1655 1346 1724 fixi
1363 1678 1455 1725 antea
1477 1681 1550 1726 cum
1562 1681 1640 1727 ter-

272 1764 356 1830 renis
370 1756 510 1856 partibus
527 1757 718 1827 cohaerentes
732 1784 794 1853 prae
809 1758 963 1828 fluiditate
988 1752 1041 1824 sua
1058 1776 1131 1822 cum
1155 1749 1217 1822 sale
1239 1749 1362 1820 volatili
1385 1748 1544 1846 superstite
1566 1753 1641 1824 unde

273 1864 513 1947 coniunguntur
527 1908 537 1935 ‚
550 1859 584 1922 dt
599 1846 736 1921 arenosis
758 1849 945 1950 corporibus
966 1846 1086 1919 aterius
1103 1845 1334 1932 adhaerescunt,
1353 1872 1390 1917 ac
1406 1849 1538 1917 demum
1558 1843 1639 1922 salte

273 1945 432 2020 affufione
443 1971 534 2043 aquae
549 1950 704 2042 praecipiti
718 1970 812 2017 motu
824 1948 937 2042 agitati
951 1942 1091 2015 calorem
1114 1962 1295 2037 procreant.

254 2099 260 2108 .
320 2045 433 2113 Arenae
455 2036 641 2136 corpuscula
666 2047 699 2112 &
726 2039 818 2136 plana
843 2049 876 2113 δι
899 2035 979 2109 tersa
1001 2033 1126 2108 facilitls
1155 2032 1268 2106 salibus
1303 2035 1396 2106 calcis
1427 2064 1467 2137 ag
1492 2040 1634 2113 l'urinan-

277 2160 353 2221 mr,
372 2137 474 2231 quim
494 2135 517 2202 ss
536 2131 614 2230 spon
638 2130 811 2207 iosaelsent
829 2140 997 2210 &tenuia
1029 2134 1120 2202 Hinc
1138 2135 1223 2201 muri
1247 2130 1334 2201 calce
1360 2130 1434 2203 illiti
1456 2065 1633 2234 AEperficies

277 2235 383 2302 erasto
398 2232 551 2326 temporis
580 2157 769 2319 indurescit,
791 2233 881 2328 quod
896 2227 971 2301 sales
989 2253 1027 2300 ex
1050 2231 1123 2297 a'c're
1149 2224 1295 2298 volatiles
1322 2251 1458 2326 corpora
1480 2232 1638 2305 calcinato

275 2325 407 2397 subeant
422 2381 432 2411 ,
449 2327 603 2395 &inanes
618 2348 739 2395 meatus
757 2326 941 2398 occludunt.

327 2427 387 2493 XI.
411 2426 490 2520 Qu
500 2418 572 2498 calx
585 2421 724 2489 extinsta
737 2421 855 2491 diutius
867 2417 1136 2506 asservatur,hoc
1159 2419 1274 2493 melior
1295 2420 1365 2506 est,
1386 2431 1474 2518 cujus
1496 2429 1540 2494 rei
1570 2430 1634 2498 Vi-

276 2520 400 2596 truvius
412 2516 494 2592 hanc
507 2510 601 2584 allen
620 2517 778 2586 rationem
794 2573 805 2603 ‚
820 2514 911 2613 quod
925 2515 1105 2613 complures
1118 2516 1212 2587 calcis
1235 2520 1370 2585 recentis
1387 2535 1488 2614 partes
1506 2545 1572 2591 non
1591 2544 1637 2590 ex

279 2615 370 2682 omni
383 2633 472 2710 parte
484 2606 521 2679 fit
533 2610 678 2679 extinshe
692 2613 708 2681 ι’
719 2611 803 2680 unde
817 2637 884 2680 non
904 2609 1004 2707 lapilli
1022 2611 1142 2698 modis,
1155 2613 1213 2707 qui
1222 2607 1310 2680 sensu
1318 2607 1386 2708 ipso
1399 2619 1634 2710 percipiuntur,

279 2705 332 2777 std
350 2704 530 2801 complures
546 2708 642 2772 etiam
656 2699 725 2772 salis
742 2705 903 2802 particulae
922 2702 977 2774 lon
1004 2709 1062 2773 'ori
1081 2728 1175 2802 egent
1189 2729 1334 2803 tempore
1345 2762 1356 2792 ,
1369 2729 1405 2777 ut
1417 2706 1541 2782 dissolvi
1555 2709 1635 2805 pos.

280 2799 341 2870 fine
351 2797 454 2883 ,sectts
467 2792 543 2867 sales
556 2792 610 2864 fixi
626 2797 702 2866 cum
719 2806 848 2870 terrenis
859 2731 1019 2897 particulis
1032 2797 1173 2900 colligati
1187 2825 1338 2889 manent,
1353 2825 1410 2872 nec
1421 2809 1544 2873 moveri
1555 2804 1632 2898 pos-'

280 2891 375 2978 sunt,
394 2890 483 2986 quod
505 2890 573 2960 aliis
592 2887 704 2963 salibus
717 2890 900 2967 socientur:
927 2898 959 2966 id
982 2896 1060 2966 verb
1083 2893 1218 2967 fluiditas
1235 2918 1361 2967 tantum
1376 2921 1462 2993 aquae
1490 2900 1638 2996 praestare

281 2989 396 3087 potest.
433 2988 523 3058 Cum
540 3009 648 3058 tamen
666 2989 735 3059 cala
751 3015 789 3060 ex
804 2989 962 3088 lapidibus
975 2995 1080 3060 minus
1098 2993 1183 3062 duris
1198 3015 1349 3088 paratur,
1370 3015 1443 3063 tum
1463 3017 1570 3063 reeens
1587 2998 1636 3067 est

280 3081 459 3155 adhibenda
475 3106 485 3150 τ
506 3108 582 3152 nam
596 3088 664 3154 tito
682 3089 906 3181 extinguitur,
929 3081 1071 3183 eaquefi
1099 3087 1215 3158 diutius
1240 3085 1409 3158 ailervetur
1430 3092 1525 3174 ,vim
1544 3086 1635 3161 suam

280 3181 416 3251 amittit,
484 3179 546 3247 uod
561 3203 627 3247 non
640 3186 767 3265 evenit,
782 3179 837 3250 ubi
856 3179 973 3280 lapides
995 3177 1065 3250 lunt
1086 3183 1249 3255 duriores:
1268 3189 1300 3253 in
1318 3180 1366 3251 his
1385 3188 1472 3252 enim
1492 3189 1633 3256 excoctis

281 3271 463 3370 complures
496 3296 555 3345 unt
571 3270 638 3343 salis
654 3275 816 3372 particula
831 3300 905 3346 cum
920 3281 1052 3349 terrenis
1069 3279 1198 3348 ardliori
1217 3275 1346 3352 vinculo
1362 3278 1516 3349 devindae
1531 3339 1542 3372 ,
1560 3306 1637 3379 quae

279 3369 464 3439 diuturnam
477 3365 757 3442 fermentationem
769 3367 856 3442 suam
870 3392 1010 3446 tuentur.

325 3469 371 3534 Ex
388 3460 503 3559 quibus
516 3464 595 3534 illud
608 3462 745 3539 efficitur
761 3465 855 3538 calcis
874 3466 965 3538 usum
977 3493 1043 3541 non
1057 3469 1116 3542 esse
1129 3469 1310 3543 dissimilem
1323 3467 1384 3542 saxi
1405 3469 1557 3544 duriffimi
1577 3473 1635 3545 fn⁴

280 3558 361 3629 sioni
377 3616 387 3647 ,
402 3583 472 3655 quae
490 3560 611 3629 idcirco
623 3559 714 3633 lieret
768 3582 781 3631 t
797 3586 870 3631 cum
884 3564 952 3634 aliis
962 3563 1039 3636 finis
1056 3565 1182 3638 sacilitls
1196 3566 1407 3665 conglutinari
1425 3566 1545 3664 pollet:
1561 3575 1631 3668 pri-

279 3655 395 3725 stiuam
404 3653 482 3724 verb
494 3655 642 3745 duritiem
654 3666 687 3731 dt
711 3685 734 3728 o
747 3657 890 3729 iditatern
904 3685 1003 3754 quam
1013 3665 1095 3760 ignis
1105 3658 1267 3733 ardoribus
1278 3662 1442 3746 amiserat,
1465 3661 1521 3732 sibi
1541 3667 1633 3735 resti-

281 3753 363 3836 tuit,
379 3747 433 3819 ubi
447 3773 628 3820 rumarenae
638 3751 752 3848 lapillis
763 3746 832 3821 solo
848 3757 1000 3824 contactu
1009 3753 1199 3832 adhaerescir.
1213 3756 1275 3825 Illa
1287 3759 1417 3855 quidem
1430 3761 1473 3828 D.
1487 3760 1635 3831 Perrault

282 3846 368 3912 circa
379 3840 468 3913 usum
482 3844 577 3913 calcis
590 3854 624 3915 dc
638 3847 789 3914 Auctoris
803 3843 1049 3921 dissertationem
1060 3859 1233 3924 annotavit·

328 3941 407 4007 Hoc
426 3941 539 4028 utique
551 3961 624 4022 non
640 3938 735 4008 facile
756 3941 966 4013 concederem
989 4002 999 4029 ,
1019 3941 1095 4016 sales
1112 3947 1254 4019 volatiles
1271 3972 1309 4019 ex
1339 3974 1434 4023 arena
1454 3955 1486 4023 in
1509 3948 1634 4023 calcem

283 4053 466 4116 commeare
482 4026 555 4100 :sed
571 4032 656 4102 sorti
669 4035 709 4103 ad
725 4033 923 4108 mechanicas
938 4036 1124 4112 alsediones
1136 4044 1310 4142 confugere
1322 4041 1414 4117 satius
1426 4047 1522 4119 foret.
1543 4051 1634 4115 Cum

282 4131 369 4197 enim
383 4148 484 4194 arenae
496 4150 594 4223 grana
610 4125 669 4200 srnt
684 4129 865 4228 perpolita,
892 4157 990 4230 atque
1019 4161 1052 4207 ut
1072 4138 1208 4234 crystalli
1228 4138 1390 4237 pellucidae
1416 4140 1574 4235 microseo
1597 4144 1633 4209 io

204 4290 208 4295 ,
282 4219 536 4318 conspiciantur,
555 4221 635 4292 illud
644 4222 715 4295 satis
735 4226 780 4295 est
804 4226 971 4300 verisimile
992 4228 1065 4302 sales
1079 4232 1175 4304 calcis
1188 4240 1221 4306 in
1235 4260 1318 4330 aqua
1331 4232 1416 4309 susos
1435 4239 1483 4309 llis
1504 4167 1635 4332 lapillis,

281 4340 424 4411 quorum
435 4310 612 4412 superficies
624 4318 694 4389 sunt
709 4319 920 4417 complanata
934 4333 967 4397 δι
981 4322 1077 4415 tersa,
1093 4334 1244 4425 partinaci
1254 4329 1633 4406 contadluadlraerescere.

281 4419 409 4481 Verum
419 4408 481 4478 hoc
498 4409 649 4493 locouon
665 4414 866 4508 quid-nobis,
879 4415 930 4489 sed
943 4423 1023 4515 quid
1039 4423 1108 4493 aliis
1126 4425 1268 4499 videatur
1285 4481 1296 4513 ,
1318 4430 1541 4529 explicandum
1564 4424 1633 4498 sus-

283 4513 438 4668 cepimus.
476 4511 556 4602 Qae
570 4513 605 4578 in
617 4508 750 4578 eandem
763 4508 1013 4588 dissertationem
1023 4520 1282 4595 animadverterit
1297 4527 1347 4598 D..
1360 4528 1402 4598 du
1417 4525 1499 4597 Clos
1523 4579 1535 4611 ,
1553 4548 1637 4594 mox

282 4593 318 4696 su
342 4604 461 4691 jiciam.

330 4700 407 4774 ΧΗ.
446 4696 621 4796 Postquam
636 4698 730 4798 hujus
756 4698 976 4810 &strationis
1002 4723 1281 4812 argumentum&
1303 4719 1441 4790 auctoris
1462 4715 1634 4790 confilium

1391 4812 1636 4914 tomprobavir,
