3646 5430
320 338 650 421 AC'ADEMIAE
720 343 1058 425 HISTORIA.
1083 346 1230 425 [rnlv.
1418 372 1475 439 311

175 442 296 518 xlv.
341 443 530 515 Plantamm
561 438 677 538 analys
762 490 769 506 .
801 442 971 514 Bourdelin
996 449 1042 514 uti
1071 443 1286 542 superioribus
1315 447 1406 516 annis
1429 449 1473 518 est
1496 435 1588 534 Clya'

128 539 308 612 sersecutus.
352 541 469 610 Novas
485 534 519 609 su
544 537 683 632 peditatu
779 542 856 609 .D.
884 537 1056 611 Marchant
1072 547 1105 611 δι
1127 540 1339 613 Tournefort.
1372 545 1472 613 Non·
1495 534 1586 606 mica

128 636 205 707 rulla
256 656 364 730 uoque
385 656 483 728 opera
535 631 664 726 hymiea
686 634 732 702 D.
752 629 924 727 Homberg
948 634 1113 729 protulit,
1152 633 1329 725 cujusmodi
1349 638 1393 706 ell
1420 637 1472 708 fa·

128 727 207 801 nosa
230 660 288 798 illa
320 732 433 797 Dianae
458 725 554 797 arbor
577 726 599 795 ὲ
619 723 672 793 Ch
698 728 790 796 micis
811 727 892 796 adeo
916 730 1032 820 jadata
1064 751 1163 823 quam
1198 725 1287 799 brevi
1319 738 1474 832 temporis

128 821 221 936 patio
239 821 392 986 eopfecir.
427 826 535 918 Hujus
566 751 711 919 paranda
732 822 815 890 ratio
836 824 870 891 in
895 825 987 894 Astis
1009 824 1191 895 Academia
1216 849 1249 921 p.
1286 840 1369 920 146
1398 852 1474 926 per-

129 946 175 993 crr
200 941 272 991 tar
302 967 309 982 ·
338 957 342 963 ·

173 948 266 1088 ξίν,
303 1010 462 1106 Qaedam
487 1014 657 1084 annotavit
687 1013 772 1082 eirca
796 1009 977 1109 plantarum
1001 1010 1141 1111 analyses
1166 1009 1318 1088 hadenos
1346 1014 1447 1091 fadlas
1460 1042 1475 1105 ,'

128 1136 199 1210 puae
222 1117 256 1180 &
288 1109 432 1206 stirpium
452 1130 588 1177 numero
615 1113 648 1177 δι
682 1103 805 1177 summa
836 1111 870 1176 in
902 1110 940 1176 iis
971 1104 1161 1178 resolvendis
1190 1109 1353 1205 diligentia
1379 1108 1471 1209 spec-

128 1206 231 1280 ¹altiles
252 1203 416 1300 judicavit
458 1200 580 1274 Habita
606 1202 737 1299 quidem
765 1204 904 1273 materiae
935 1198 1029 1298 ipsius
1057 1206 1179 1273 ratione
1208 1204 1367 1303 pleraque
1399 1209 1474 1279 stir-

128 1308 210 1378 sium
242 1291 428 1370 differentiae
458 1319 496 1366 ex
525 1303 617 1367 varia
649 1298 882 1394 principiorum
909 1299 1142 1392 temperatione
1175 1305 1210 1370 de
1242 1305 1371 1375 millum
1398 1303 1473 1375 duci

128 1397 280 1468 ridentur.
326 1397 373 1464 Er
405 1388 554 1462 omnibus
589 1393 677 1462 enim
706 1386 772 1461 fere
800 1390 867 1461 haec
897 1389 1098 1477 eliciuntur,
1127 1391 1316 1502 phlegma,
1345 1396 1473 1496 spiritus

128 1493 257 1578 reidus,
287 1485 339 1559 vel
363 1511 459 1574 acer,
487 1480 531 1552 sal
556 1483 718 1570 volatilis,
739 1485 874 1573 oleum,
890 1483 931 1555 sal
958 1479 1059 1572 fixus,
1080 1510 1137 1581 qur
1158 1489 1318 1560 interdum
1337 1498 1472 1582 tartari,

128 1586 281 1657 uterdum
309 1604 518 1654 communem
542 1575 639 1651 ulem
665 1577 794 1669 refert,
822 1603 919 1679 caput
945 1601 1110 1651 mortuum
1143 1584 1243 1653 modo
1267 1589 1301 1653 in
1328 1593 1471 1676 majori,

128 1680 222 1751 nodd
241 1685 275 1750 in
300 1681 418 1746 minori
447 1678 634 1771 quantitate.
672 1679 881 1761 Quinetiam
907 1680 941 1746 in
964 1674 1125 1746 nonnullis
1156 1700 1293 1771 quarum
1324 1688 1404 1753 vires
1435 1693 1471 1758 dc

128 1766 254 1847 effidem
275 1769 346 1844 sunt
371 1770 546 1843 admodum
574 1769 770 1859 dissimiles,
805 1770 952 1843 videntur
985 1766 1124 1867 analyses
1157 1794 1240 1867 pene
1266 1774 1471 1867 consimiles,

128 1868 201 1941 ideo
226 1890 262 1940 ut
279 1867 354 1941 binc
377 1862 524 1937 concludi
547 1862 671 1962 poffit,
706 1889 744 1936 ex
770 1864 836 1936 sola
866 1861 985 1961 analyfi
1019 1861 1199 1961 plantarum
1220 1873 1303 1939 vires
1326 1869 1472 1969 perspec-

128 1988 166 2036 as
187 1961 298 2036 haberi
316 1965 369 2031 vix
395 1955 480 2060 posse
504 2013 516 2045 ‚
544 1956 667 2031 tametsi
692 1959 839 2033 nonnihil
867 1959 944 2029 lucis
968 1963 1128 2028 Botanicae
1151 1956 1246 2033 affirt
1276 1971 1309 2035 δι
1335 1987 1474 2046 οοηιῐο·Ι

128 2055 225 2131 rerfiae
250 2057 434 2222 cssomplures
454 2056 493 2124 de
518 2076 630 2131 natura
655 2063 689 2134 ἀ
717 2052 894 2132 diversitate
911 2050 1023 2128 salium
1046 2057 1080 2127 iu
1111 2057 1227 2159 plantis
1251 2057 1329 2131 hinc
1352 2060 1472 2155 dijudia

128 2177 182 2226 >arr
232 2181 254 2226 o
280 2175 347 2223 unr·
1080 2206 1083 2211 -

170 2183 256 2321 llsdd
287 2250 386 2317 eriam
412 2269 450 2315 ex
479 2242 537 2316 usu
564 2246 710 2319 futurum
746 2243 978 2332 existimabat,
1005 2243 1030 2315 li
1054 2253 1193 2320 materiae
1217 2249 1290 2350 ipsa
1313 2253 1332 2325 ὲ
1355 2248 1471 2346 plantis

128 2338 280 2416 uueaese
323 2346 416 2411 ratim
430 2344 670 2429 excuterentur{
686 2354 719 2417 δι
735 2346 831 2413 variis
845 2344 1067 2435 experimentis
1112 2341 1311 2418 roborentur.
1346 2346 1471 2420 Placuit

128 2436 159 2509 rb
180 2438 261 2509 oleis
272 2365 392 2509 εῐίἀίε
406 2458 475 2531 quae
492 2431 548 2506 sub
567 2432 665 2507 finem
691 2432 842 2531 cu'usque
868 2429 1068 2542 resolutionis
1087 2366 1118 2503 le
1140 2439 1279 2532 produnt
1305 2494 1317 2525 ,
1341 2443 1472 2513 initium

128 2528 267 2621 irruere,
288 2534 465 2626 &experiri
480 2553 520 2599 an
541 2530 627 2601 forte
640 2534 679 2602 ad
728 2556 783 2600 um
795 2524 939 2598 adhiberi
957 2522 1085 2624 pollint.
1102 2533 1152 2600 Ac
1165 2536 1306 2695 primum
1330 2559 1370 2603 ea
1383 2553 1469 2603 tetro

128 2629 224 2698 adore
237 2620 467 2699 erdendasunt.
493 2624 571 2697 Olei
588 2632 697 2697 tartari
721 2620 912 2695 semilibram
937 2644 1012 2691 cum
1029 2622 1149 2697 duabus
1177 2623 1254 2696 ibris
1277 2627 1372 2699 calcis
1389 2628 1472 2696 vivae

128 2723 311 2820 permistam
325 2717 387 2789 leni
407 2725 480 2814 igne
499 2744 554 2817 per
576 2743 731 2793 retortam
750 2716 932 2802 distillavit,
954 2716 1092 2789 multum
1108 2718 1298 2817 phlegmatis
1316 2728 1470 2819 primum,

128 2841 192 2889 um
207 2815 313 2887 oleum
323 2815 471 2978 prodiit,
491 2815 579 2909 quod
597 2815 617 2884 ὲ
633 2815 815 2980 phlepmate
836 2808 991 2881 secretum
1014 2835 1089 2882 eum
1104 2813 1191 2884 calce
1203 2820 1319 2886 iterum
1331 2821 1470 2889 mixtum

128 2908 266 2983 tonnilril
278 2908 322 3005 ph
335 2912 469 3004 egmatis
486 2911 595 2995 dedit,
609 2905 674 2979 hoc
692 2937 713 2978 o
726 2933 800 2978 eum
820 2908 946 2999 excepit
959 2959 970 2990 ,
983 2906 1080 3001 idque
1093 2905 1186 2978 sexies
1206 2912 1268 2983 fuit
1285 2914 1469 3008 repetitum,

140 2997 1364 3199 lensirenesieul:retinuisseinurens
1406 3029 1471 3174 ii

128 3220 188 3267 roo
205 3199 281 3268 tetri
293 3196 447 3293 apparuit.

171 3293 219 3362 Ex
248 3313 317 3385 quo
343 3287 375 3356 id
398 3283 601 3356 manifestum
623 3286 668 3356 en
691 3285 753 3357 olei
776 3282 927 3356 foetorem
952 3309 991 3357 err
1015 3290 1262 3386 Empyreumate
1287 3287 1359 3362 srve·
1409 3315 1470 3364 ua·

128 3387 195 3457 lam
216 3387 300 3482 ignis
325 3378 527 3479 imprelllone
551 3384 656 3452 duci:
692 3407 766 3452 nam
792 3377 846 3448 ubi
874 3380 944 3452 olea
965 3380 1078 3451 stillare
1102 3387 1296 3480 occipiunt,
1331 3409 1372 3455 ne
1412 3410 1470 3459 um

128 3479 275 3552 intorem
299 3497 514 3563 contraxere,
555 3472 646 3546 suum
672 3497 807 3570 quaeque
834 3475 966 3544 odorem
997 3473 1112 3570 plamae
1132 3481 1308 3571 genuinum
1337 3474 1466 3574 spirant.

128 3577 183 3644 ied
207 3575 305 3642 audio
326 3577 401 3668 igne
424 3567 495 3639 olea
522 3574 604 3668 peni
625 3574 734 3639 omnia
761 3565 897 3637 eundern
922 3565 1036 3665 praese
1061 3567 1170 3641 ferunt
1191 3570 1325 3640 odorem
1355 3603 1366 3659 ς
1391 3595 1470 3669 par..

128 3690 168 3739 :es
198 3668 309 3746 adussae
334 3674 368 3737 &
391 3662 493 3739 cras&
525 3663 653 3736 sublatae
684 3662 881 3760 nigredinem
916 3670 950 3733 de
984 3656 1168 3733 denficatem
1195 3659 1346 3759 prarbent.
1382 3664 1469 3740 Calx

128 3765 198 3831 riva
222 3761 317 3831 instar
345 3760 419 3832 filtri
443 3759 611 3856 particulas
630 3765 736 3858 nigras
760 3765 793 3829 de
820 3756 940 3826 adustas
964 3758 1079 3826 retinet
1112 3756 1189 3827 dum
1223 3756 1331 3828 oleum
1358 3766 1469 3858 purius

128 3853 229 3926 stillat
268 3862 347 3932 Hoc
374 3854 447 3926 oleo
469 3855 643 3927 admodum
672 3855 849 3951 penetranti
874 3846 944 3920 usus
968 3850 1011 3920 est
1045 3853 1091 3924 D.
1117 3849 1289 3950 Homberg
1312 3857 1346 3929 in
1369 3855 1468 3930 dolo·

128 3946 210 4021 ibus
230 3950 316 4123 pugi:
355 3955 411 4021 icis
431 3947 782 4036 &inrlreumatismirs
808 3946 916 4022 oleum
940 3949 1050 4021 tartari
1073 3946 1173 4024 odore
1198 3946 1316 4029 fetido
1335 3975 1469 4043 exutum

128 4067 233 4123 :osam
254 4069 272 4119 C
317 4071 327 4116 1
351 4067 408 4128 ult,
955 4115 959 4121 ,

681 4316 907 4461 w
