3646 5430
310 364 644 465 scansilia
714 381 1225 465 uictoriarum.
1423 398 1477 490 ,ις
1537 383 1541 388 ·

164 481 298 586 Qodfi
314 511 363 558 res
375 491 423 561 ita
435 481 514 572 srnr,
558 488 591 555 ui
604 480 741 580 superest
756 482 1027 581 hydrargyrus,d
1050 488 1218 554 communi
1238 487 1407 560 Mercurio
1426 492 1475 560 di.
1494 484 1583 586 Chya

115 581 221 654 versus
233 583 410 679 cll,idque
426 605 465 652 ex
485 508 674 679 quidusdam
695 575 864 650 ellestibus
878 576 1001 674 colligit
1015 581 1061 651 D.
1075 576 1249 682 Homberg
1260 587 1363 681 quiin
1383 611 1474 660 com·
1493 589 1586 668 mica,

115 683 209 749 muni
220 682 388 749 Mercurio
398 698 572 749 occurrunt
586 699 669 773 quos
680 671 854 770 aliquando
870 672 1024 840 poseret.

162 779 202 845 Et
213 773 344 868 quidem
355 797 470 844 notum
479 771 523 843 est
534 827 545 856 ,
557 796 657 868 quam
674 768 776 841 valida
793 767 831 842 fit
843 768 877 840 su
892 767 1000 866 phuris
1010 773 1043 839 in
1055 773 1258 845 Mercurium
1270 776 1382 866 aelio,
1398 778 1481 850 adeo

116 894 153 942 ut
166 867 311 967 suspicari
333 868 427 942 liceat
449 865 651 966 sulphuream
666 864 767 961 reguli
780 867 951 937 antimonii
970 870 1137 938 materiem
1156 874 1242 941 vices
1260 896 1354 969 agere
1371 871 1481 946 dissol.

117 971 221 1036 ventis
236 969 268 1033 in
282 960 456 1035 secretione
467 971 534 1056 ejus
546 961 716 1061 pulveris&
736 961 864 1056 reliquo
878 964 1035 1033 Mercurii
1051 987 1209 1060 corpore,
1224 991 1329 1063 neque
1344 970 1392 1041 illi
1413 974 1484 1040 vim

117 1060 218 1132 ullam
231 1060 293 1131 else
314 1067 347 1132 in
360 1059 435 1130 alias
453 1062 610 1130 Mercurii
644 1081 736 1132 artes.
770 1056 945 1154 Postquam
964 1061 1052 1129 enim
1070 1053 1205 1133 secretus
1222 1061 1286 1134 fuit
1304 1064 1408 1162 pulsis
1427 1065 1485 1138 ille

118 1181 175 1255 per
191 1179 297 1254 5,aut
311 1171 330 1230 6
346 1153 487 1228 lotiones
503 1083 780 1251 &amasgamatm
799 1152 927 1250 regulus
937 1157 971 1224 in
993 1154 1195 1226 Mercurium
1222 1162 1290 1229 vim
1308 1155 1397 1232 suam
1414 1185 1485 1234 non

118 1256 255 1351 amplius
271 1257 393 1340 exerit,
412 1261 447 1325 &
459 1275 551 1345 aquae
565 1248 727 1319 lotionum
747 1248 896 1345 deinceps
918 1273 1004 1345 purae
1025 1245 1096 1319 sunt
1113 1256 1147 1322 δι
1163 1252 1345 1354 perspicuae.
1381 1258 1485 1357 Qud

118 1343 190 1419 satis
203 1374 277 1446 apte
291 1376 367 1421 cum
380 1346 483 1447 reguli
495 1342 644 1444 sulphure
661 1349 836 1430 convenit,
853 1344 885 1414 id
908 1349 998 1415 enim
1010 1368 1126 1441 corpus
1147 1351 1213 1420 inte
1239 1374 1309 1422 rum
1325 1356 1485 1428 Mercurii

118 1443 277 1531 dilinivit,
291 1471 366 1517 cum
376 1445 512 1516 alterum
527 1463 651 1541 partem
664 1440 818 1511 duntaxat
830 1436 925 1550 huam
939 1438 1128 1538 hydrargyri
1151 1375 1303 1540 perhanc
1318 1456 1486 1549 operatio-

118 1564 194 1609 nenr
209 1540 377 1629 dissolvat,
390 1542 534 1637 atquetd
550 1558 639 1636 parte
650 1534 810 1625 exhausti,
821 1532 903 1606 nrhrl
912 1534 1049 1636 amplius
1058 1538 1217 1636 separatur
1230 1550 1264 1615 δι
1275 1544 1360 1616 idem
1375 1565 1487 1621 manet

113 1632 336 1736 'hydrargyrus
347 1638 426 1708 nihil
442 1657 594 1707 mutatus.
1296 1700 1298 1704 .

167 1738 248 1827 Quo
261 1758 370 1805 autem
384 1734 485 1804 modo
498 1729 565 1800 haec
579 1733 725 1827 operatio
737 1724 811 1816 fiat,
829 1729 989 1828 explicatu
1005 1729 1049 1800 est
1069 1725 1222 1820 difficile,
1247 1759 1287 1807 an
1313 1759 1356 1806 eo
1378 1790 1389 1826 ,
1414 1761 1487 1834 quo

117 1836 189 1922 jam
200 1833 335 1899 diximus
348 1831 451 1900 modo
467 1884 478 1915 ,
494 1851 612 1924 nempe
625 1822 754 1922 sulphur
773 1827 945 1897 antimonii
958 1849 1014 1922 per
1026 1824 1208 1924 amalgama
1228 1837 1262 1902 in
1284 1856 1401 1929 corpus
1420 1834 1487 1930 hy.

117 1925 265 2024 drargyri
284 1925 505 1996 introductum
518 1948 592 1993 eam
613 1919 753 1991 dissoluit
767 1923 938 1991 antimonii
984 1944 1085 1992 artem
1108 1947 1179 2018 qua:
1203 1928 1248 1998 est
1273 1925 1489 2002 dissolutionis

120 2043 241 2120 capax,
266 2030 299 2095 δι
316 2026 480 2092 cinereum
497 2017 662 2117 pulverem
673 2012 813 2116 separat,
828 2017 917 2111 quod
934 1948 1093 2113 reliquum
1106 2018 1149 2089 est
1162 2025 1196 2093 in
1211 2027 1379 2095 Mercurio
1386 2030 1489 2107 intac·,

110 2123 191 2189 'tum
204 2139 313 2190 manet
326 2175 337 2206 ,
351 2116 427 2188 huic
438 2123 526 2188 enim
539 2109 681 2215 sulphuri
696 2117 729 2183 io
742 2138 813 2184 eam
827 2116 986 2184 Mercurii
996 2136 1123 2212 partem
1137 2124 1333 2220 praecipuam
1346 2119 1429 2194 nihil
1441 2119 1486 2195 li·
1509 2134 1517 2159 ¹·

108 2227 192 2299 cet,
209 2238 315 2310 neque
326 2219 360 2283 in
373 2238 445 2284 earn
462 2217 530 2283 uim
542 2204 631 2282 suam
651 2213 763 2284 exerit.

167 2317 220 2379 An
243 2315 350 2406 potius
370 2301 628 2404 Mercuriusipse
641 2325 677 2375 ut
691 2328 808 2401 corpus
820 2303 982 2400 liquidum
998 2310 1127 2406 concipi
1146 2307 1262 2399 debet,
1280 2311 1371 2408 quod
1398 2318 1489 2388 intra

122 2404 268 2476 occultos
281 2400 353 2475 suos
367 2423 490 2474 meatus
502 2400 675 2472 moleculas
690 2421 821 2470 terrenae
835 2405 998 2489 materia,
1011 2425 1083 2498 que
1104 2405 1250 2478 nondum
1272 2413 1305 2478 in
1328 2411 1488 2481 Mercurii

121 2523 268 2571 naturam
287 2497 420 2587 abiere,
452 2495 495 2569 lic
518 2495 680 2583 includit,
703 2516 739 2566 ut
760 2496 782 2566 d
802 2501 969 2567 Mercurio
990 2495 1060 2596 ipso
1084 2498 1193 2570 diuelli
1212 2524 1405 2600 nequeant,
1427 2502 1489 2577 sifi

120 2621 178 2693 per
192 2594 290 2666 aliam
303 2599 470 2669 materiam
509 2616 556 2664 uc
571 2595 654 2662 intra
671 2589 726 2661 illa
740 2590 872 2690 spatiola
885 2586 982 2665 semel
994 2594 1128 2667 admissa
1147 2595 1323 2671 moleculas
1349 2596 1492 2698 expellat

119 2699 158 2763 ἃ
175 2698 333 2764 iocatum
353 2692 464 2763 locum
483 2620 642 2761 succedat.
677 2691 758 2760 Haec
772 2693 884 2785 utique
896 2692 1029 2760 materia
1052 2691 1164 2790 regulo
1187 2695 1265 2764 inesl
1288 2703 1355 2788 ejus
1381 2692 1488 2769 confi-

120 2793 300 2886 gurationis
317 2845 327 2874 ‚
342 2810 379 2859 ut
405 2787 454 2856 his
478 2782 652 2884 spatiolis,
680 2780 733 2855 seu
761 2785 935 2855 interstitiis
955 2784 1145 2886 hydrargyti
1170 2792 1376 2862 commodius
1396 2797 1488 2864 crci-

120 2889 259 2984 piatur,
287 2909 388 2979 quam
410 2885 542 2953 t'errenae
565 2879 625 2951 illae
649 2880 789 2980 partesd
810 2881 891 2950 vend
913 2882 980 2977 iptd
1001 2878 1055 2951 seu
1073 2908 1112 2954 ex
1134 2882 1248 2956 fodinis
1273 2886 1388 2963 allatae.
1422 2893 1489 2959 lta-

120 3003 187 3076 que
200 3004 286 3049 nova
302 2979 356 3051 illa
375 2981 508 3048 materia
530 2982 564 3048 in
580 2999 675 3048 motu
692 2972 793 3073 pofita
815 2984 849 3048 dt
873 3000 930 3072 pcr
945 2976 1126 3074 amalgata,
1149 2978 1314 3072 lotiones,
1343 2993 1377 3055 δι
1402 2983 1489 3058 calo·

120 3099 191 3145 rem
212 3076 426 3170 digestionum
442 3077 476 3144 in
500 3073 554 3144 illa
578 3068 641 3141 sese
660 3070 795 3143 insinuat
814 3067 948 3170 spatiola
971 3129 982 3160 ,
1007 3072 1187 3168 exquibus
1217 3082 1358 3174 priorem
1381 3105 1491 3157 mate·

120 3176 203 3242 riam
221 3170 324 3242 levem
347 3169 585 3242 &terrestrem
609 3165 667 3238 suo
689 3168 830 3264 pondere
852 3169 1003 3242 extrudit.
1043 3171 1143 3242 Unde
1168 3180 1203 3245 dt
1227 3177 1409 3250 Mercurius
1424 3179 1489 3252 hac

120 3266 252 3366 petasii
276 3271 463 3367 operatione
475 3285 610 3362 augetur
632 3263 798 3360 pondere,
814 3263 904 3356 quod
926 3287 1012 3334 nora
1032 3263 1087 3335 illa
1100 3272 1232 3339 materia
1254 3275 1397 3367 priorem
1410 3278 1487 3365 vin,

119 3385 173 3434 cat
190 3387 351 3458 ,eamque
373 3361 495 3433 idcirco
509 3358 699 3444 extruserit,
717 3359 806 3452 quaid
823 3356 860 3426 srr
874 3362 1008 3451 grauior
1022 3392 1033 3447 ;
1047 3382 1083 3432 ut
1109 3359 1147 3432 fit
1168 3368 1203 3430 in
1229 3363 1411 3460 liquoribus
1433 3372 1486 3441 dr·

120 3459 200 3530 verfi
215 3459 386 3554 ponderis,
406 3456 465 3551 qui
482 3453 569 3524 ultro
588 3450 633 3522 lic
646 3449 877 3550 disponuntur,
895 3472 930 3522 ut
945 3445 1037 3522 suum
1055 3452 1191 3553 quisque
1205 3454 1317 3529 locum
1336 3467 1372 3533 dt
1389 3460 1491 3540 stum

119 3573 242 3627 teneat.

168 3658 277 3746 Hujus
293 3644 499 3746 separationis
520 3646 650 3719 causam
666 3667 749 3743 puro
761 3641 854 3713 ¹{libii
874 3645 990 3743 regulo
1005 3644 1117 3718 tribuit
1137 3651 1185 3721 D.
1204 3647 1399 3750 Homherg,
1417 3681 1491 3731 non

120 3750 209 3824 ferto
221 3770 278 3821 aut
293 3768 409 3844 cupro,
420 3744 509 3841 quod
524 3741 593 3814 haec
612 3746 759 3840 operatio
771 3742 864 3837 aequl
874 3740 1020 3813 succedat
1036 3747 1073 3812 in
1085 3743 1197 3842 regulo
1212 3741 1370 3845 fimplici,
1385 3755 1491 3850 atqp'e

121 3852 157 3919 in
171 3842 285 3943 regulo
307 3834 511 3929 Martis3sed
526 3836 651 3911 serrum
672 3837 845 3924 ad'citur,
872 3839 968 3935 quod
977 3847 1045 3938 ejus
1059 3837 1236 3913 accessione
1258 3853 1363 3940 major
1383 3845 1491 3946 reguli

121 3948 218 4041 copia
233 3940 380 4038 prodeat,
394 3936 497 4035 quam
511 3933 567 4008 ubi
582 3960 694 4032 parum
709 3862 786 4006 serti
797 3934 1002 4010 nonadditut
1011 3933 1077 4029 3fic
1093 3942 1241 4038 corporis
1250 3941 1372 4017 additio
1382 3944 1490 4019 amal
1511 4008 1517 4031 .,

122 4063 218 4138 gama
236 4041 353 4127 citius,
373 4040 406 4109 δι
430 4030 559 4137 facilius
575 4025 728 4106 efficitur.
1471 4044 1474 4049 ’

691 4381 902 4584 W
