3646 5430
427 373 749 447 ACADEMIAE
806 375 1081 449 trtsrour
1097 374 1140 447 Α.
1179 377 1253 454 Lu.
1273 384 1315 456 V.
1460 396 1536 479 467

166 466 234 544 suia
251 467 364 542 tabulis
379 466 490 541 locum
505 466 578 540 solis
591 471 672 541 hotd
683 499 724 558 7,
738 499 800 566 54,
816 501 849 558 ²3
865 475 987 542 invenit
1000 474 1033 542 in
1047 494 1098 568 gr.
1117 497 1127 541 ι
1143 498 1155 542 t
1172 528 1183 560 ,
1204 502 1240 562 39
1255 532 1267 565 ,
1288 502 1316 568 13
1338 474 1532 574 scorpionis,

167 575 207 640 dt
224 570 379 636 Mercurii
393 565 502 636 locum
518 566 558 633 ad
577 565 766 660 Eclipticam
780 569 946 637 reductum
958 572 992 638 in
1011 590 1063 661 gr.
1090 589 1127 636 rt
1156 624 1170 656 ,
1199 599 1265 658 22,
1293 588 1329 640 16
1351 569 1421 643 scot
1446 580 1534 647 ionia

168 657 345 733 secundum
360 659 618 758 longitudinem,
641 658 928 753 verilongitodine
941 662 1039 759 paulo
1053 664 1225 739 minorem.
1247 667 1398 737 Australis
1418 600 1531 740 sititu-

169 756 217 826 do
235 779 304 826 turn
315 761 469 852 temporis
484 777 586 845 erat9
607 782 651 828 tn.
666 783 710 842 9,
734 760 767 826 in
776 756 873 843 sexte,
887 753 940 827 seu
950 761 985 828 in
995 757 1139 827 extremi
1160 758 1380 832 observatione
1401 764 1472 837 hor.
1495 776 1533 852 8,

171 855 214 938 8,
237 880 276 946 53
294 850 465 949 longitudo
491 853 647 921 Mercurii
664 850 726 922 fuit
750 858 784 924 in
809 875 861 948 gr.
893 877 930 923 tr
956 908 969 941 ,
997 864 1072 932 26,
1105 878 1146 943 ²3
1171 849 1373 954 scorpionis,
1392 857 1533 931 latitudo

174 973 197 1037 9
224 973 291 1116 ¹sim
295 975 361 1116 17)
389 1036 532 1140 Caffinua
559 1044 674 1113 eodem
693 1044 743 1114 die
764 1042 831 1114 fuas
853 1040 1088 1118 obl'eruationes
1111 1102 1123 1133 ‚
1148 1055 1182 1119 dc
1203 1071 1312 1120 earum
1338 1050 1533 1123 consedeant

171 1137 353 1307 proposuit.
376 1141 413 1207 ld
426 1136 572 1233 ptaefatus
586 1140 679 1211 ested
693 1142 811 1231 majori
821 1138 985 1236 diligentih
998 1139 1081 1210 hanc
1097 1147 1251 1215 Mercurii
1269 1171 1324 1241 per
1341 1142 1459 1215 discunt
1477 1145 1533 1215 so·

187 1261 196 1305 r

199 1261 214 1305 s
238 1234 404 1307 transtrum
419 1236 440 1303 it
457 1229 702 1304 seobservatum
719 1230 829 1319 soille,
844 1235 934 1329 quod
947 1232 1046 1305 taritls
1056 1245 1233 1334 contingat.
1276 1243 1366 1311 Nam
1390 1242 1410 1308 it
1428 1247 1534 1335 prima
1669 1240 1673 1248 '

172 1325 398 1400 observatione
414 1351 485 1424 quat
501 1352 587 1398 anno
606 1342 674 1420 1631
695 1325 891 1398 itGallendo
906 1332 1039 1401 Ltrterire
1063 1329 1147 1402 facta
1169 1335 1212 1404 est
1233 1392 1243 1421 ,
1266 1336 1385 1406 eoelurn
1411 1332 1534 1430 semper

173 1422 355 1496 obdudlum
376 1423 438 1494 fuit
459 1477 470 1508 ,
500 1447 574 1492 cum
596 1428 776 1495 Mercurius
794 1421 866 1493 solis
886 1420 1007 1494 discum
1025 1421 1139 1511 subiit,
1156 1452 1253 1526 atque
1281 1429 1341 1500 hac
1365 1427 1534 1500 occasione

172 1517 282 1618 elapsi
295 1520 375 1590 illud
387 1517 627 1616 phoenomenon
644 1544 710 1588 non
729 1541 868 1588 recurret
882 1512 940 1587 nifi
951 1518 1056 1590 mense
1070 1524 1164 1591 Maio
1175 1531 1250 1596 anni
1270 1554 1373 1613 1720,

228 1615 422 1687 Altitudines
438 1609 511 1684 solit
525 1609 918 1698 meridianae,&trans1rus
936 1612 1018 1684 illius
1031 1639 1086 1711 per
1101 1620 1310 1692 meridianum
1322 1619 1448 1716 aliquot
1460 1617 1537 1690 anti

176 1708 290 1781 diebus
303 1708 429 1779 suerunt
444 1708 610 1804 exploratq
624 1765 635 1796 ,
650 1712 719 1806 qud
735 1732 790 1805 per
801 1704 882 1803 ipsas
893 1701 1128 1780 ohservationes
1142 1716 1338 1787 immediatas
1352 1722 1429 1785 citra
1443 1713 1539 1786 tabu-

176 1803 285 1876 larum
303 1828 398 1901 opem
422 1828 514 1873 verus
528 1799 600 1872 solis
618 1804 709 1874 locus
722 1808 755 1873 in
774 1803 844 1899 iperi
863 1806 1019 1873 Mercurii
1049 1829 1123 1876 cum
1144 1805 1210 1876 sole
1228 1814 1455 1904 conjunctione
1479 1807 1540 1879 ha·

176 1895 308 1970 betetur
324 1926 336 1970 z
351 1899 438 1995 quod
454 1922 508 1993 per
521 1897 648 1993 aliquot
660 1901 728 1969 dies
747 1894 976 1992 consequentes
999 1896 1061 1969 fuit
1078 1907 1320 1979 continuatum,
1353 1910 1418 1975 Die
1444 1910 1540 1977 tertia

175 1990 379 2071 Novembris
396 1991 496 2063 solern
514 1997 569 2062 ini
595 1993 629 2063 sd
647 2015 735 2064 ottus
750 1989 795 2061 sui
813 1989 894 2060 hori
909 1989 1006 2063 nubes
1024 1993 1151 2088 tegebat
1172 2031 1182 2085 ς
1200 2004 1320 2070 exitum
1347 2000 1431 2070 illius
1444 2025 1482 2070 ex
1499 1998 1541 2068 eh

175 2089 265 2161 nube
283 2094 409 2161 intento
421 2091 532 2158 auimo
552 2019 768 2158 ohservatores
789 2084 1014 2181 erpedlabant.
1040 2094 1085 2160 D.
1101 2093 1240 2162 Maraldi
1259 2099 1292 2164 in
1312 2093 1457 2191 supremi
1479 2092 1541 2165 ob-

174 2183 344 2256 servatorii
354 2207 442 2282 parte
456 2181 574 2278 politus
586 2179 686 2253 solem
701 2182 790 2281 priris
815 2211 830 2253 2
845 2187 928 2254 min.
951 2182 1157 2276 deprehendit
1174 2187 1347 2287 teltscopio
1365 2196 1400 2262 18
1421 2194 1540 2288 pedutn
1629 2224 1632 2231 ¹

177 2283 281 2378 quim
298 2285 355 2372 qui
369 2286 407 2349 in.
423 2300 511 2372 parte
526 2276 676 2347 inferiore
688 2300 778 2347 etant
793 2275 957 2349 collocati.
979 2281 1070 2347 Tum
1085 2282 1245 2371 quadrans
1261 2284 1372 2354 circuli
1384 2290 1423 2356 ad
1437 2285 1543 2359 solem

174 2381 224 2449 ita
235 2376 373 2447 diredlus
387 2372 462 2458 fuit,
475 2395 509 2440 ut
522 2370 568 2443 sol
587 2381 619 2444 dt
636 2377 674 2441 M
697 2374 815 2441 rcurius
829 2395 883 2466 per
906 2393 1079 2464 utrumque
1095 2371 1185 2446 filum
1207 2374 1450 2456 horizontale&
1465 2408 1544 2454 ver·

176 2469 275 2546 ticale
294 2467 458 2541 transirent
472 2472 505 2536 in
519 2467 596 2536 foco
611 2396 774 2563 telescopii
792 2486 949 2562 aptatum.
985 2470 1063 2562 Qu
1081 2472 1212 2562 quidem
1233 2473 1332 2542 modo
1354 2470 1427 2546 situs
1446 2480 1540 2548 Met.

177 2571 262 2639 curii
281 2570 314 2635 in
328 2561 392 2635 sole
403 2562 447 2632 est
459 2560 605 2632 definitus
614 2583 746 2658 urgente
762 2555 953 2647 occasione,
972 2586 1046 2631 cunr
1061 2561 1164 2634 nullus
1177 2565 1251 2636 cslrt
1267 2570 1464 2641 cunctationi
1486 2571 1541 2643 lo-

178 2686 249 2734 cut.
285 2667 366 2753 Qtae
382 2652 569 2727 observandi
584 2660 666 2727 ratio
681 2659 833 2724 immunis
846 2676 912 2723 crat
924 2653 966 2724 ab
978 2654 1032 2724 illi
1047 2661 1198 2731 varietate
1215 2685 1314 2754 quarn
1333 2663 1547 2739 refradlionea·
1658 2708 1660 2715 ·
1676 2680 1679 2685 '

175 2756 284 2831 solent
303 2755 449 2826 inducere
470 2778 482 2822 t
501 2775 571 2821 tum
585 2756 671 2821 enirn
685 2751 759 2819 disci
774 2746 880 2818 solaris
895 2749 1010 2830 limbi,
1032 2761 1065 2826 ὰ
1090 2756 1245 2824 Mercurii
1266 2780 1411 2829 genuum
1432 2766 1465 2831 j„
1489 2762 1545 2830 eq..

176 2854 254 2922 dem
269 2846 432 2920 sumuntur
446 2846 614 2917 altitudine
635 2901 647 2932 ,
670 2868 744 2915 cunt
762 2839 853 2927 filum
878 2843 1077 2917 horizontale
1105 2845 1344 2941 pertranseunt,
1359 2853 1413 2923 uhi
1428 2859 1541 2928 eadem

176 2947 223 3019 est
236 2940 444 3016 horizontalis
463 2939 644 3027 restasiio,
672 2961 777 3034 neque
794 2962 849 3035 per
868 2937 969 3008 ullam
995 2940 1220 3014 resraclionetn
1253 2943 1417 3039 objectum
1440 2950 1461 3019 d
1482 2948 1547 3022 filo

177 3038 325 3114 verticuli
338 3034 489 3107 desicdlit
504 3062 517 3105 t.
529 3038 609 3105 adeo
631 3060 666 3106 ut
694 3055 879 3131 tempotum
909 3030 1094 3106 differenriae
1114 3041 1196 3108 inter
1211 3065 1396 3136 apparentes
1421 3049 1545 3118 eaedern

179 3135 269 3222 fint,
290 3158 361 3230 qux
383 3137 465 3201 inter
485 3156 576 3201 veros
593 3128 748 3202 ttaulitut.
773 3127 935 3200 Etstenim
950 3126 996 3200 sol
1012 3155 1114 3231 prope
1139 3130 1344 3206 horizontem
1365 3133 1471 3235 figura
1492 3143 1544 3211 el.
1673 3142 1677 3149 '

176 3233 297 3330 lipticae
311 3247 440 3327 apparet
458 3227 610 3322 ,quando
626 3225 688 3296 hac
702 3222 857 3294 methodo
871 3221 1054 3296 observatur
1075 3284 1086 3315 ,
1106 3226 1194 3297 nulla
1215 3228 1415 3303 restrictionis
1431 3233 1545 3308 habiti·

179 3332 307 3401 tatione
335 3347 390 3420 pet
417 3321 576 3394 calculum
596 3325 706 3392 eadent
731 3316 805 3389 solis
822 3312 1087 3391 semi-diameter
1117 3347 1272 3420 appatens
1297 3333 1439 3413 eruitur,
1467 3357 1545 3427 quae

179 3447 238 3522 per
267 3442 420 3516 magnam
442 3413 515 3490 solit
534 3418 768 3502 altitudinem,
797 3411 852 3483 ubi
875 3421 942 3505 eius
969 3409 1069 3485 discut
1093 3424 1184 3489 omni
1209 3443 1246 3490 ex
1268 3444 1358 3515 parte
1383 3428 1537 3500 totundut

177 3519 323 3592 ridetur.

228 3619 269 3683 ln
292 3633 381 3708 parte
395 3609 540 3681 inferiori
553 3605 932 3701 observatoriiparatum
954 3627 1023 3674 erat
1040 3603 1249 3705 teleliopium
1273 3638 1299 3702 4
1319 3605 1379 3681 silis
1397 3616 1436 3683 in
1455 3612 1541 3688 foco·

177 3711 366 3792 munitum,
379 3731 414 3777 ut
431 3700 628 3775 Asccnlionit
642 3705 736 3775 redite
749 3711 783 3774 &
800 3698 1017 3772 declinationis
1029 3698 1213 3774 diffitenriae
1227 3698 1443 3797 sumerentur,
1452 3735 1540 3781 tem.

178 3828 263 3906 pore
274 3797 530 3886 observationis,
548 3825 616 3896 quo
637 3796 683 3869 sol
702 3796 794 3869 suum
815 3790 1001 3892 parallelum
1023 3797 1166 3868 radebat.
1201 3799 1363 3871 Machinae
1383 3805 1539 3899 parallac.

178 3904 274 3986 tica,
296 3898 446 3992 dpedum
460 3919 530 3990 quae
556 3919 648 3965 motu
671 3890 809 3990 fimplici
824 3889 923 3961 solern
941 3886 1138 3986 subsequitur
1160 3893 1368 3991 telescopiurn
1393 3923 1546 3998 aptarunt:
1624 3964 1628 3973 .

177 3994 260 4069 fuit.
292 3995 473 4063 Mercurius
488 3992 582 4060 instar
595 3989 729 4061 maeulae
744 3994 841 4084 nigrat
856 3994 888 4056 dr
904 3986 1039 4054 omnino
1053 3989 1193 4058 rotundae
1206 4016 1261 4086 per
1274 3989 1388 4062 tubum
1401 4019 1543 4092 appare··

176 4087 242 4163 hat
270 4088 440 4174 Quadrans
460 4083 602 4171 circuli,
621 4082 777 4181 quolitus
806 4080 966 4151 Mercurii·
983 4081 1016 4148 in
1036 4077 1100 4150 sole
1113 4079 1174 4151 fuit
1199 4082 1382 4157 observatur
1403 4083 1544 4185 ,erate

473 4179 608 4250 ollicum
628 4237 640 4267 ,
661 4204 730 4275 quo
745 4180 783 4248 nd
810 4172 910 4245 solem
929 4175 1052 4244 directo
1071 4180 1103 4245 in
1127 4182 1270 4251 verticuli
1292 4178 1351 4253 situ
1367 4238 1382 4268 ,
1402 4178 1476 4254 solis
1502 4197 1542 4261 δι

244 4211 300 4256 um
344 4191 379 4254 δι
409 4207 428 4251 2

177 4185 342 4351 hiireut'n
361 4208 508 4348 transitis
532 4300 589 4373 per
612 4297 785 4370 utrumque
810 4269 903 4343 filum
927 4271 961 4337 in
982 4265 1061 4341 foco
1083 4270 1152 4344 tubi
1170 4272 1309 4374 pofitum
1330 4276 1400 4348 suut
1427 4275 1546 4354 ohset.

204 4397 265 4448 atr.
971 4438 974 4443 ,

177 4399 205 4463 ι’
236 4472 369 4540 Horum
388 4488 542 4631 tempora
550 4463 659 4536 suntd,
674 4470 723 4536 D,
738 4459 870 4536 Callino
884 4455 1014 4534 delinita
1028 4522 1038 4549 ,
1051 4462 1285 4539 ohservationes
1299 4468 1543 4544 circaralritudi·¹

176 4589 238 4643 nes
249 4564 435 4633 meridianas
462 4560 520 4631 olis
534 4569 566 4632 dc
577 4559 806 4630 declinationes
816 4561 866 4627 die
883 4586 901 4630 a
918 4565 952 4626 δι
977 4589 989 4649 3
1007 4560 1206 4633 Novembris
1220 4561 1341 4648 factas,
1358 4544 1541 4663 longitudiss

178 4686 281 4743 nem,
301 4654 526 4729 hscenlioneru
547 4656 669 4725 redium
681 4653 724 4723 ab
742 4658 835 4724 initio
848 4651 935 4723 lihrae
949 4707 960 4738 ,
976 4676 1103 4724 motum
1128 4659 1276 4729 diurnum
1299 4681 1445 4731 aceruate
1465 4653 1543 4730 des-
1655 4699 1659 4707 .

179 4751 293 4855 ptipsit
303 4807 322 4846 ,
333 4745 682 4853 exquibusttansrturu»
693 4747 780 4851 Solia
798 4755 838 4847 §t
859 4751 1016 4822 Mercurii
1040 4773 1099 4848 per
1118 4748 1317 4921 horizorppale
1333 4756 1548 4947 &serinia

503 4880 506 4885 ·
866 4900 870 4909 .
887 4870 893 4877 ·
1284 4869 1338 4919 uu
