3646 5430
451 743 779 829 CAPUT
859 747 1249 843 PRIMUM.

510 963 566 1030 De
586 952 741 1061 Historia
755 953 1168 1073 plantarumpridrim.

168 1144 190 1220 l.
311 1140 383 1218 Um
408 1137 584 1215 Academia
604 1148 638 1215 in
664 1151 696 1219 id
720 1149 860 1220 maximi
882 1146 1132 1227 incumbendum
1149 1153 1208 1226 sibi
1232 1150 1432 1254 proposuerit
1449 1218 1459 1250 ,
1476 1184 1514 1236 ut

314 1263 493 1311 accuratam
506 1238 650 1337 stirpium
667 1241 831 1315 historiam
852 1267 1053 1344 pertexeret,
1069 1257 1103 1322 δι
1115 1274 1226 1322 earum
1248 1246 1418 1345 prasertim
1440 1283 1513 1352 quae

167 1327 225 1408 scri
248 1360 351 1409 toroni
380 1334 580 1432 diligentiam
604 1335 786 1434 effugerunt
812 1392 823 1423 ,
846 1365 916 1436 quae
939 1341 979 1409 ad
1008 1340 1092 1413 hanc
1114 1369 1182 1417 tem
1205 1372 1227 1415 o
1250 1350 1328 1414 rima
1353 1348 1513 1421 videretur

168 1363 330 1506 merbodus
345 1429 425 1516 ,diii
440 1425 645 1528 multumque
665 1433 709 1503 est
733 1427 952 1530 disceptatum.
986 1439 1031 1508 D.
1057 1437 1182 1511 Dodart
1198 1373 1383 1510 isimudem
1399 1444 1513 1541 appel.

167 1526 262 1612 latus,
281 1547 318 1597 ot
331 1550 369 1596 ea
382 1524 422 1595 de
432 1547 466 1593 re
476 1518 664 1599 sententiam
684 1526 773 1599 suam
791 1534 825 1599 oc
846 1530 1068 1603 meditationes
1085 1555 1290 1629 expromeret
1313 1587 1324 1616 ,
1346 1560 1444 1630 quam
1460 1545 1513 1609 in·

168 1613 262 1694 silere
273 1627 366 1693 viam
383 1641 556 1719 oporteret,
567 1629 631 1713 jam
639 1644 714 1694 ante
724 1618 846 1719 scriptis
865 1623 1047 1712 tradiderat,
1062 1650 1132 1723 quae
1148 1652 1223 1699 cum
1235 1632 1281 1701 D.
1296 1627 1341 1702 D.
1360 1633 1513 1721 Perrault,

166 1714 202 1785 du
219 1717 303 1790 Cloe
326 1725 363 1790 uc
384 1713 478 1785 Bortl
497 1709 565 1787 sunt
582 1723 818 1790 communicata
835 1751 846 1806 3
861 1717 939 1813 quid
953 1720 1080 1817 siugulis
1092 1720 1249 1793 videretur
1268 1779 1279 1809 ,
1296 1724 1414 1818 quidve
1429 1727 1514 1819 adji-

165 1814 308 1901 ¹ciendum
321 1836 378 1885 aut
389 1808 582 1881 demendum
595 1815 806 1885 existimarent
820 1868 831 1898 ,
850 1808 910 1882 suis
919 1817 959 1884 ad
972 1813 1110 1913 singulos
1125 1816 1276 1887 articulos
1287 1823 1369 1888 notis
1382 1843 1514 1916 aperue-

165 1927 243 1979 runt.
271 1911 337 1977 His
354 1904 517 2004 figillatim
535 1902 624 1976 leeris
640 1916 674 1980 δι
693 1905 822 1980 excussis
848 1905 880 1975 id
902 1910 1002 1981 visum
1021 1911 1065 1980 est
1087 1914 1202 2006 exequi
1220 1912 1310 2006 quod
1332 1934 1419 1982 extra
1438 1940 1512 1985 oni·

166 2022 233 2068 nem
249 1995 507 2075 controversiam
521 1998 659 2097 positum
671 2026 748 2075 erat.
1575 2012 1582 2020 '

204 2101 249 2169 11.
291 2105 329 2168 In
347 2123 390 2168 eo
404 2118 514 2166 autem
533 2094 719 2170 consensum
742 2098 814 2186 est,
845 2100 1002 2171 Audbores
1025 2124 1106 2199 pene
1141 2124 1251 2172 ornnes
1280 2124 1354 2170 cum
1379 2125 1513 2190 veteres,

170 2203 230 2259 tum
243 2198 438 2264 recentiores
459 2246 470 2276 ,
490 2197 547 2284 qui
561 2197 594 2262 in
610 2216 650 2262 eo
667 2190 779 2264 versati
796 2191 867 2265 sunt
884 2218 1099 2290 argumento,
1121 2195 1184 2293 legi
1198 2218 1370 2290 oportere,
1392 2221 1427 2268 ut
1444 2225 1514 2293 qua

173 2281 206 2351 ab
217 2289 253 2357 iis
271 2283 388 2386 scripta
402 2285 491 2370 sunt,
507 2287 671 2383 diligenter
681 2290 929 2386 expenderentur
944 2343 954 2373 ‚
968 2311 1066 2383 atque
1077 2313 1111 2360 ut
1131 2288 1351 2359 controverfiae
1366 2296 1446 2363 inter
1460 2319 1512 2363 re-

176 2387 319 2452 centiores
330 2386 472 2453 excitatae
487 2381 528 2451 de
548 2404 690 2452 veterum
717 2382 906 2467 intellediu,
926 2403 1083 2477 quantum
1105 2383 1172 2452 fieri
1186 2380 1307 2479 posset,
1325 2386 1511 2455 dirimeren-

178 2484 230 2546 tur.
246 2476 284 2546 ld
303 2473 422 2547 laboris
436 2477 483 2550 D.
505 2483 550 2549 D.
577 2476 703 2548 Dodart
729 2486 763 2549 δι
787 2475 960 2546 Marcbant
980 2467 1205 2572 susceperunt,
1229 2499 1267 2541 ac
1293 2473 1331 2541 de
1361 2481 1397 2544 iis
1420 2476 1512 2549 rebus

180 2558 246 2664 supe
259 2576 344 2640 inter
363 2564 394 2638 se
417 2571 639 2660 contulerunt,
665 2568 786 2644 sifoue
801 2596 870 2668 qua
882 2574 918 2641 iu
930 2568 1092 2642 veteribus
1104 2565 1286 2641 obscuriora
1300 2567 1510 2658 videbantur,

184 2663 329 2757 explanari
345 2661 475 2762 possent.

229 2762 266 2827 In
281 2784 321 2830 eo
336 2784 465 2856 quoque
478 2788 589 2835 omnes
613 2759 794 2836 consensere
816 2785 851 2832 ut
871 2768 917 2836 D.
939 2761 1107 2832 Bourdelin
1136 2764 1312 2857 inemptam
1332 2757 1512 2859 plantarum

186 2850 317 2949 inelysm
341 2855 549 2930 indesinenter
573 2858 827 2954 prosequeretur.
849 2864 916 2929 Hic
937 2857 1076 2952 liquores
1099 2854 1249 2954 iplantis
1263 2881 1317 2951 per
1334 2853 1514 2925 distillatio-

187 2951 433 3041 utmextrasbos,
453 2949 528 3026 sales
545 2955 654 3025 itidem
683 2962 717 3024 δι
740 2946 837 3025 terrai
855 2953 961 3049 palam
987 2952 1142 3023 exhibuit.
1180 2955 1261 3046 Qae
1285 2955 1394 3019 omnia
1419 2954 1513 3019 variis

187 3027 236 3116 sunt
245 3051 467 3146 experimentis
477 3049 631 3147 probata,
645 3071 805 3120 uteorum
819 3054 977 3120 natura&
991 3046 1157 3143 qualitates
1170 3067 1328 3140 quantum
1349 3041 1418 3114 fieri
1434 3042 1502 3142 pos
1497 3076 1512 3089 ·

188 3122 231 3224 stt,
248 3140 494 3218 innotescerent.

206 3238 291 3332 ¹Hac
309 3244 426 3334 otique
438 3248 471 3312 dt
490 3237 551 3310 alia
567 3237 660 3333 huius
672 3246 794 3336 generis
809 3237 944 3338 plurima
955 3244 988 3311 in
1010 3235 1159 3340 peculiari
1171 3239 1306 3309 traciam
1321 3240 1431 3334 Regiis
1442 3240 1514 3332 Ty·

188 3337 220 3410 ΡΒ
232 3334 335 3431 postea
356 3330 495 3414 excuso,
512 3332 563 3404 seu
578 3339 610 3404 in
628 3334 803 3430 prodromo
825 3336 864 3405 ad
883 3334 1062 3432 plantarum
1086 3335 1250 3405 historiam
1271 3331 1445 3403 luculenter
1479 3342 1515 3403 &

187 3433 306 3594 {fpuate
319 3423 469 3527 exposuit
489 3434 534 3502 D.
550 3429 695 3517 Dodart,
718 3428 772 3501 ubi
790 3431 893 3504 ideam
911 3437 944 3500 δι
958 3427 1045 3525 quasi
1067 3429 1208 3499 formam
1226 3430 1325 3495 totius
1342 3432 1444 3518 operis
1457 3450 1513 3495 ex·

203 3533 277 3599 luit.

220 3630 273 3696 ill.
308 3617 462 3694 Primilm
479 3621 608 3715 quidem
620 3623 652 3689 in
668 3617 852 3716 praefatione
874 3619 960 3689 redii·
985 3617 1136 3686 admooei
1151 3613 1183 3682 id
1203 3635 1268 3681 non
1291 3609 1401 3707 sugere
1426 3615 1512 3684 Aca.

189 3712 303 3788 dentiam
324 3716 429 3812 quim
452 3716 584 3786 arduum
606 3741 686 3808 opus
706 3713 896 3807 susceperit,
924 3739 998 3783 cum
1019 3733 1164 3780 naturam
1193 3713 1226 3778 &
1252 3706 1393 3803 stirpium
1417 3706 1513 3779 bisto-

186 3814 253 3883 iiam
263 3815 382 3883 tradere
392 3807 529 3906 aggressa
540 3814 583 3880 est
603 3844 614 3898 ·,
640 3837 707 3882 rem
731 3811 751 3882 a
769 3805 968 3905 Philosophia
990 3808 1137 3876 omnium
1149 3798 1334 3873 seculorum
1346 3824 1514 3893 tentatam,

184 3911 345 4003 quaquein
356 3903 555 3974 summorum
577 3911 759 4004 Principum
779 3904 896 3975 deliciis
912 3902 985 3979 suit.
1012 3906 1060 3974 Hi
1074 3905 1193 3999 quippe
1210 3901 1330 3992 magnis
1340 3891 1516 3994 sumptibus

180 4002 381 4097 &impendiis
400 4000 535 4068 studium
550 4024 616 4071 tani
632 4000 791 4072 laudabile
809 4000 942 4098 implere
957 4026 1023 4071 uon
1036 3995 1220 4066 dubitarunt
1240 4017 1248 4060 t
1269 3992 1348 4059 adeo
1366 4020 1399 4064 ιιι
1427 3991 1513 4064 disli-

177 4095 478 4167 eillimumiideatur
491 4099 666 4191 quicquam
681 4121 748 4167 tam
761 4095 914 4192 preclaris
934 4092 1082 4190 operibus
1101 4092 1257 4182 adjicere,
1274 4109 1328 4156 aur
1351 4113 1418 4158 rem
1441 4114 1515 4186 per-

175 4187 262 4261 ficere
285 4214 359 4286 qua
382 4193 545 4257 communi
571 4190 739 4261 hominum
766 4190 1000 4285 expediationi,
1019 4197 1051 4256 ἃ
1076 4190 1174 4281 Regis
1188 4178 1385 4252 lnvietifflmi
1404 4183 1513 4277 gloriae

176 4283 366 4384 respondeas.
393 4289 468 4356 Nec
481 4304 589 4354 tamen
605 4283 796 4383 despondere
807 4287 973 4367 animum,
988 4308 1062 4351 cum
1086 4304 1123 4348 ea
1147 4271 1319 4348 considerat
1335 4301 1404 4369 quae
1425 4276 1512 4345 suni.

175 4387 215 4450 mi
232 4386 387 4476 Principis
403 4379 591 4450 liberalitate
613 4406 651 4450 ac
678 4377 894 4451 munificentia
913 4371 1089 4474 suppeditat
1110 4369 1271 4472 praesidia,
1296 4371 1411 4465 quibus
1429 4397 1512 4441 novi

176 4481 312 4637 quadarn
326 4485 360 4549 δι
377 4498 469 4546 antea
494 4499 659 4569 nunquam
682 4474 826 4572 usurpata
845 4476 941 4542 initur
960 4476 1042 4542 ratio
1065 4494 1130 4540 tarn
1154 4462 1278 4567 operosi
1299 4464 1415 4535 laboris
1438 4491 1513 4563 per-

197 4574 305 4645 ciendi.

220 4671 276 4740 lV.
306 4665 390 4737 Illud
413 4665 547 4737 inficiari
577 4674 738 4738 neminem
760 4660 845 4760 posse
869 4668 947 4758 quin
975 4664 1139 4761 postremis
1173 4656 1219 4726 his
1250 4653 1374 4724 duobus
1399 4652 1515 4722 saeffllis

178 4764 228 4841 liti
241 4762 329 4835 dosii
339 4819 351 4854 ,
366 4754 423 4860 qiii
438 4767 472 4833 in
493 4762 559 4838 hoc
582 4784 771 4862 argumento
786 4756 897 4832 versati
914 4757 1010 4846 sunt,
1030 4757 1151 4829 summa
1171 4777 1244 4824 cura
1265 4744 1407 4918 difficiles
1423 4772 1513 4818 vere·
1619 4859 1622 4863 ⁴
