3646 5430
289 347 353 422 '322
609 321 810 404 REGIAE
862 321 1320 403 scttNrrARtJM
1399 329 1404 339 ’

159 411 277 495 aar.
292 435 326 500 in
338 421 501 527 superficie
519 439 611 499 terrae
632 447 718 499 certa
730 446 821 521 aquae
835 429 997 522 quantitas
1016 420 1140 521 semper
1162 446 1294 511 manet,
1313 444 1387 519 que
1408 423 1529 523 purtim
1549 429 1654 502 lava·

159 525 250 606 ¹⁶⁹*
292 523 545 691 lliwllli
559 516 1653 692 illitis:illitizlll235'ilttt3l2‘iffi

288 648 425 787 rioribumt
437 771 447 800 ,
462 712 621 809 inquibus
632 734 717 809 aqua
729 671 876 807 lingnam
884 733 971 782 rnare
983 731 1050 779 non
1062 705 1144 779 subit
1156 733 1165 778 ε
1178 703 1230 778 sed
1243 717 1278 782 dt
1286 708 1341 780 alii
1352 706 1442 783 sorte
1451 705 1526 787 sunt
1535 715 1646 790 ocmltl

260 858 266 868 -
292 809 419 881 canales
457 832 491 879 er
504 811 588 907 quos
602 828 687 903 aqua
704 811 801 878 maris
813 799 938 902 delapsa
951 803 1037 875 foras
1050 807 1205 900 erumpit.
1351 826 1359 835 ·

312 926 318 934 ·
338 903 401 979 IX.
425 836 515 977 gum
532 926 642 974 autem
655 926 694 973 et
711 896 985 972 obseruationibus
999 897 1077 1009 illud
1091 897 1236 987 constet,
1253 895 1325 998 plus
1343 921 1439 999 aqut
1465 906 1552 976 intra
1565 911 1645 983 tntu

289 1003 368 1071 enni
380 996 515 1099 spatium
528 996 693 1079 exhalare,
709 995 813 1094 quim
831 996 851 1071 ὲ
867 994 954 1068 telo
966 993 1109 1066 decidat:
1132 1002 1144 1087 (
1165 1014 1242 1064 narn
1255 994 1296 1064 ad
1313 994 1457 1070 duorum
1479 996 1523 1072 us
1541 1024 1580 1072 oe
1594 1024 1642 1104 pt.

289 1096 369 1166 dum
383 1102 416 1168 δε
430 1116 550 1167 norem
562 1095 739 1191 digitorum
763 1089 966 1170 altitudinem
986 1111 1106 1183 aquam
1128 1085 1275 1160 exhalare
1291 1110 1505 1189 compertum
1517 1024 1588 1171 luit
1605 1096 1642 1188 ,l

291 1189 315 1260 fi
339 1210 423 1281 terte
443 1185 621 1288 superficies
644 1185 721 1259 esset
744 1185 867 1282 ubique
888 1183 1053 1281 equabilis
1073 1208 1142 1255 non
1167 1181 1389 1259 montibus&
1408 1188 1644 1295 vallibru'tspo-

292 1305 328 1356 ta
342 1290 376 1360 da
392 1289 522 1385 aquain
542 1309 585 1354 eo
597 1304 741 1356 maneret
761 1282 838 1353 loro
861 1287 896 1352 in
913 1303 1012 1377 quern
1030 1280 1180 1366 decidit,
1207 1300 1325 1376 taragna
1346 1288 1429 1374 anni·
1458 1308 1553 1386 perte
1571 1308 1645 1362 tm

292 1378 472 1480 superficies
488 1379 538 1453 his
561 1387 595 1454 in
620 1378 700 1450 locir
720 1379 807 1450 arida
821 1374 907 1451 elset.
948 1377 1011 1446 Sed
1030 1397 1107 1443 curn
1133 1377 1295 1471 inaequalis
1325 1373 1363 1449 lit
1384 1386 1421 1452 α
1442 1381 1646 1458 molliente

293 1475 577 1574 superficier,parr
592 1494 683 1570 aquae
722 1473 946 1544 luvirtterram
961 1467 1065 1556 subit,
1094 1468 1152 1539 ubi
1166 1470 1284 1552 diutius
1310 1494 1421 1546 manet
1447 1533 1461 1564 ,
1488 1500 1565 1577 part
1583 1481 1648 1554 ulto·

294 1590 329 1642 ta
346 1573 467 1644 inlota
482 1567 673 1670 depress'tora
698 1500 816 1641 Ebitur
833 1622 844 1653 ,
864 1567 919 1637 ubi
938 1567 1033 1638 altior
1054 1588 1128 1634 curn
1158 1561 1195 1634 stt
1209 1584 1224 1652 ‘‚
1254 1575 1290 1638 dt
1319 1567 1528 1664 superficiem
1551 1573 1666 1649 habea*

294 1692 356 1767 pro
381 1668 468 1739 mole
489 1663 542 1738 sua
558 1666 797 1764 angustiorem,
812 1663 867 1734 illa
885 1661 1078 1757 exhalationi
1090 1654 1207 1733 sufficit
1227 1669 1261 1733 dr
1281 1661 1430 1737 fontium
1447 1690 1542 1768 aqut
1554 1667 1646 1745 lluml·

295 1779 619 1956 lulllelilgejnulllldtll.
632 1848 765 1939 Callini,
775 1874 839 1947 qua
853 1856 1024 1927 rationein
1034 1872 1115 1951 agro
1128 1852 1417 1951 Ferrariensraqure
1428 1853 1647 1962 lintdtipofioe,

294 1961 331 2027 δι
348 1953 464 2050 quibus
477 1955 582 2024 modis
593 1972 705 2021 earum
722 1946 834 2021 dirilio
848 1947 916 2020 fieri
927 1945 1044 2047 pellit,
1063 1956 1107 2021 lta
1127 1968 1163 2020 ut
1175 1952 1393 2042 tirtttmjefflt
1406 1960 1503 2029 tertie
1517 1980 1579 2030 nott
1596 1958 1649 2030 ol>

294 2047 369 2135 tint,
383 2069 493 2118 coram
508 2043 664 2145 exposuit.
688 2045 779 2115 illius
790 2069 827 2114 ea
840 2045 878 2114 de
893 2069 926 2115 re
934 2040 1121 2117 sententiam
1132 2041 1275 2115 summor
1283 2045 1443 2121 Pontifex
1460 2056 1569 2126 [nnat.
1579 2058 1644 2133 xm

294 2138 338 2212 ab
350 2164 391 2214 eo
405 2140 639 2241 pullulaverat,
656 2160 755 2235 quarn
773 2140 881 2238 postea
897 2142 1043 2210 Romam
1068 2133 1164 2215 misr.

757 2420 1194 2559 caruttr.

684 2693 741 2760 De
785 2682 961 2761 Berenicis
993 2677 1040 2771 ἀ
1082 2677 1268 2791 (dimitis.
1420 2671 1425 2682 ’

296 2895 326 2970 1.
403 2894 500 2964 Entio
524 2913 577 2959 me
579 2891 696 3009 <³paulli
720 2892 902 2988 longiorem
917 2887 1008 2963 fuisse
1027 2895 1060 2961 in
1081 2895 1120 2963 iit
1145 2916 1214 2988 que
1231 2892 1272 2963 ad
1295 2890 1470 2991 Phyficam
1495 2895 1634 3002 spedn,

404 2987 595 3060 enarrandis.
620 2993 660 3060 Et
687 3011 798 3061 tamen
823 2984 925 3055 multa
949 3011 988 3058 et
1011 2992 1049 3059 iis
1066 2984 1157 3060 omisi
1185 3013 1258 3086 quae
1278 2992 1313 3061 in
1338 2993 1434 3064 notit
1466 3018 1637 3094 mqmqot

294 3084 406 3158 mense
419 3093 486 3175 ejus
498 3086 573 3151 anni
591 3082 759 3178 publicatis
774 3084 891 3173 majori
903 3104 942 3153 et
958 3105 1046 3182 parte
1058 3087 1265 3157 continentur
1278 3141 1290 3172 ,
1304 3090 1356 3155 oti
1377 3096 1415 3160 δι
1442 3116 1485 3164 ea
1501 3115 1570 3190 qm
1587 3096 1637 3162 eir.

297 3204 338 3251 oa
351 3179 531 3279 plantatum
548 3184 786 3274 vegetationem
807 3197 922 3277 praeter
948 3202 1136 3252 commonet
1161 3203 1281 3253 nature
1300 3180 1393 3280 leget
1415 3180 1492 3262 sunt
1511 3183 1640 3260 obsera·

301 3297 351 3350 tau

343 3376 384 3444 ln
404 3393 481 3441 eum
495 3366 624 3440 censum
646 3369 757 3442 referti
780 3365 909 3469 possunt
926 3370 1041 3469 plante
1055 3365 1239 3464 cujusdam,
1254 3374 1308 3443 etri
1326 3376 1422 3448 Praxi
1524 3380 1641 3469 eontra,

296 3463 484 3568 ponormsa
502 3468 640 3537 mutatio
656 3472 689 3537 in
700 3464 853 3553 floribus,
876 3463 963 3537 foliis
985 3523 995 3553 ,
1018 3465 1126 3565 stylo,
1152 3476 1185 3540 dr
1214 3464 1337 3565 siliquis
1356 3495 1432 3569 que
1452 3479 1463 3495 ‘
1549 3480 1578 3546 ia
1596 3478 1642 3546 de

163 3597 166 3604 ·
322 3582 518 3636 enerarunt:
542 3585 607 3656 que
633 3565 764 3661 quidem
788 3564 811 3634 d
843 3569 888 3634 D.
915 3559 1090 3633 Marchant
1110 3587 1197 3634 anno
1214 3562 1370 3658 superiori
1398 3567 1592 3657 observata,
1617 3579 1642 3644 8

297 3591 410 3757 {gotis
427 3656 584 3729 delineata
607 3661 642 3731 in
664 3660 754 3731 netis
774 3656 890 3737 mensio
910 3660 1023 3730 Martii
1042 3680 1121 3730 oum
1145 3657 1476 3737 animadverfionibus
1499 3670 1641 3765 pererud-

298 3758 340 3828 tir
359 3758 576 3826 continentur.
612 3754 725 3827 Annus
736 3754 791 3829 ille
803 3752 1057 3852 pluviusifuit&
1073 3750 1246 3852 frigidior,
1273 3775 1312 3823 ex
1331 3778 1403 3851 quo
1438 3757 1568 3843 fastum
1589 3763 1640 3850 el,

296 3870 339 3919 ut
362 3847 543 3946 complures
557 3847 672 3945 plantat
693 3847 804 3945 effoete
823 3876 922 3950 grana
942 3873 1014 3921 non
1034 3850 1203 3920 extulerint
1230 3906 1241 3938 ,
1269 3873 1310 3918 ac
1328 3875 1373 3921 ne
1392 3851 1569 3931 floruerit:
1587 3863 1640 3955 ῳ·-

302 3946 398 4028 dem,
415 3941 511 4014 succo
526 3944 719 4017 alimentitio
736 3972 799 4044 prae
816 3945 928 4017 caloris
939 3951 1050 4043 inopia
1062 3968 1130 4016 non
1142 3940 1309 4018 satis-bene
1318 3941 1458 4020 subadto
1470 3957 1510 4025 dt
1530 3974 1639 4051 panor

301 4038 465 4112 undeltaec
479 4038 590 4136 planta
607 4065 681 4137 'quae
701 4065 756 4139 per
773 4041 964 4111 decennium
976 4039 1073 4113 lloret
1086 4038 1203 4113 rubeos
1221 4039 1287 4113 sem
1329 4065 1345 4110 r
1361 4043 1549 4142 prebuerat
1565 4104 1579 4138 ,
1597 4047 1641 4119 lot

304 4156 393 4211 anno
406 4137 524 4232 partim
539 4132 684 4225 rubent,
746 4140 823 4210 ttitn
838 4135 1117 4210 viridesexhnntt.
1153 4139 1296 4227 Namea
1332 4138 1643 4217 resolissutoorbe

302 4258 347 4306 ne
363 4231 498 4329 digestor
518 4230 663 4303 colorem
707 4230 940 4330 plendidiotem
961 4237 996 4304 in
1015 4230 1149 4303 floribus
1173 4227 1285 4306 efficit.
1322 4234 1377 4305 Sic
1408 4237 1644 4330 Laumh‚&

301 4329 454 4427 quedam
471 4324 604 4400 ellebori
622 4324 740 4425 species
758 4323 867 4400 meust
888 4332 923 4399 D
981 4326 1063 4398 mbri
1078 4325 1174 4401 floret
1197 4329 1311 4400 virides
1325 4335 1513 4411 emittunt,
1543 4338 1645 4411 Contrr

305 4430 365 4522 qui
382 4420 539 4494 menfibus
564 4424 711 4518 augusto
735 4433 770 4498 dr
792 4430 921 4523 Septem
946 4421 1016 4496 ri‘se
1028 4420 1198 4496 effundunt
1213 4422 1331 4513 floret„
1352 4427 1644 4524 postdebiransur·

304 4527 340 4688 ἒ
357 4523 542 4593 alimentitii
562 4521 749 4591 tottionem
777 4528 813 4594 dr
831 4518 1144 4608 fermentationem,
1162 4521 1310 4592 colorem
1338 4529 1544 4624 vegetiorem
1556 4523 1644 4633 ptest

342 4637 427 4690 runt.

306 4707 311 4713 ’
340 4716 403 4788 ll.
428 4708 1293 4832 Eandemobcausrmdliquziusoliadegenewunt·
1317 4714 1644 4819 Aooeffituuudqun
