<?xml version="1.0" encoding="UTF-8"?>
<!DOCTYPE html PUBLIC "-//W3C//DTD XHTML 1.0 Transitional//EN"
    "http://www.w3.org/TR/xhtml1/DTD/xhtml1-transitional.dtd">
<html xmlns="http://www.w3.org/1999/xhtml" xml:lang="en" lang="en">
 <head>
  <title>
</title>
<meta http-equiv="Content-Type" content="text/html;charset=utf-8" />
  <meta name='ocr-system' content='tesseract 3.04.00' />
  <meta name='ocr-capabilities' content='ocr_page ocr_carea ocr_par ocr_line ocrx_word'/>
</head>
<body>
  <div class='ocr_page' id='page_1' title='image "./historia00hamegoog_0163.png"; bbox 0 0 3646 5430; ppageno 0'>
   <div class='ocr_carea' id='block_1_1' title="bbox 290 353 1314 465">
    <p class='ocr_par' dir='ltr' id='par_1_1' title="bbox 290 353 1314 465">
     <span class='ocr_line' id='line_1_1' title="bbox 290 353 1314 465; baseline -0.013 -23"><span class='ocrx_word' id='word_1_1' title='bbox 290 392 355 465; x_wconf 69' lang='grc' dir='ltr'>ψ</span> <span class='ocrx_word' id='word_1_2' title='bbox 592 361 823 450; x_wconf 67' lang='lat' dir='ltr'>arura</span> <span class='ocrx_word' id='word_1_3' title='bbox 860 353 1314 434; x_wconf 79' lang='lat' dir='ltr'>scruurrauuu</span> 
     </span>
    </p>
   </div>
   <div class='ocr_carea' id='block_1_2' title="bbox 45 446 1655 2759">
    <p class='ocr_par' dir='ltr' id='par_1_2' title="bbox 45 446 1655 750">
     <span class='ocr_line' id='line_1_2' title="bbox 159 446 1649 562; baseline -0.005 -24"><span class='ocrx_word' id='word_1_4' title='bbox 159 467 224 539; x_wconf 75' lang='lat' dir='ltr'>Aa</span> <span class='ocrx_word' id='word_1_5' title='bbox 236 487 277 542; x_wconf 82' lang='lat' dir='ltr'>rr.</span> <span class='ocrx_word' id='word_1_6' title='bbox 288 464 362 562; x_wconf 76' lang='lat' dir='ltr'>ipss</span> <span class='ocrx_word' id='word_1_7' title='bbox 378 460 560 561; x_wconf 83' lang='lat' dir='ltr'>subjiciatur</span> <span class='ocrx_word' id='word_1_8' title='bbox 574 446 608 530; x_wconf 84' lang='lat' dir='ltr'>in</span> <span class='ocrx_word' id='word_1_9' title='bbox 625 457 809 530; x_wconf 67' lang='lat' dir='ltr'>dissehione</span> <span class='ocrx_word' id='word_1_10' title='bbox 821 458 972 527; x_wconf 79' lang='lat' dir='ltr'>rivorum</span> <span class='ocrx_word' id='word_1_11' title='bbox 985 454 1172 526; x_wconf 85' lang='lat' dir='ltr'>animalium</span> <span class='ocrx_word' id='word_1_12' title='bbox 1186 510 1197 543; x_wconf 97' lang='lat'>,</span> <span class='ocrx_word' id='word_1_13' title='bbox 1210 477 1248 522; x_wconf 88' lang='lat' dir='ltr'>ac</span> <span class='ocrx_word' id='word_1_14' title='bbox 1260 476 1367 525; x_wconf 78' lang='lat' dir='ltr'>motus</span> <span class='ocrx_word' id='word_1_15' title='bbox 1377 450 1431 525; x_wconf 90' lang='lat' dir='ltr'>ille</span> <span class='ocrx_word' id='word_1_16' title='bbox 1445 479 1513 528; x_wconf 94' lang='lat' dir='ltr'>non</span> <span class='ocrx_word' id='word_1_17' title='bbox 1525 454 1572 545; x_wconf 78' lang='lat' dir='ltr'>est</span> <span class='ocrx_word' id='word_1_18' title='bbox 1581 453 1649 531; x_wconf 89' lang='lat' dir='ltr'>dis·</span> 
     </span>
     <span class='ocr_line' id='line_1_3' title="bbox 45 549 1655 662; baseline -0.008 -27"><span class='ocrx_word' id='word_1_19' title='bbox 45 579 49 592; x_wconf 90' lang='lat'>&#39;</span> <span class='ocrx_word' id='word_1_20' title='bbox 159 577 250 662; x_wconf 79' lang='lat'>1675.</span> <span class='ocrx_word' id='word_1_21' title='bbox 290 563 400 636; x_wconf 82' lang='lat' dir='ltr'>similis</span> <span class='ocrx_word' id='word_1_22' title='bbox 411 559 561 634; x_wconf 85' lang='lat' dir='ltr'>lumbrici</span> <span class='ocrx_word' id='word_1_23' title='bbox 571 559 768 652; x_wconf 68' lang='lat' dir='ltr'>ruptarium,</span> <span class='ocrx_word' id='word_1_24' title='bbox 789 551 994 650; x_wconf 75' lang='lat' dir='ltr'>quiaiteruir</span> <span class='ocrx_word' id='word_1_25' title='bbox 1007 549 1206 622; x_wconf 76' lang='lat' dir='ltr'>contrahitur</span> <span class='ocrx_word' id='word_1_26' title='bbox 1219 557 1253 620; x_wconf 78' lang='lat' dir='ltr'>dt</span> <span class='ocrx_word' id='word_1_27' title='bbox 1269 550 1466 645; x_wconf 84' lang='lat' dir='ltr'>producitur.</span> <span class='ocrx_word' id='word_1_28' title='bbox 1482 551 1655 628; x_wconf 76' lang='lat' dir='ltr'>Ubifibrae</span> 
     </span>
     <span class='ocr_line' id='line_1_4' title="bbox 292 640 1383 750; baseline -0.017 -19"><span class='ocrx_word' id='word_1_29' title='bbox 292 656 544 743; x_wconf 89' lang='lat' dir='ltr'>contrahuntur,</span> <span class='ocrx_word' id='word_1_30' title='bbox 557 645 690 750; x_wconf 79' lang='lat' dir='ltr'>chylum</span> <span class='ocrx_word' id='word_1_31' title='bbox 709 650 860 721; x_wconf 86' lang='lat' dir='ltr'>intestino</span> <span class='ocrx_word' id='word_1_32' title='bbox 880 668 1068 736; x_wconf 83' lang='lat' dir='ltr'>contentum</span> <span class='ocrx_word' id='word_1_33' title='bbox 1083 640 1229 744; x_wconf 89' lang='lat' dir='ltr'>prorsum</span> <span class='ocrx_word' id='word_1_34' title='bbox 1243 646 1383 716; x_wconf 89' lang='lat' dir='ltr'>trudunt.</span> 
     </span>
    </p>

    <p class='ocr_par' dir='ltr' id='par_1_3' title="bbox 291 738 1649 950">
     <span class='ocr_line' id='line_1_5' title="bbox 347 738 1648 840; baseline -0.007 -16"><span class='ocrx_word' id='word_1_35' title='bbox 347 759 414 827; x_wconf 87' lang='lat' dir='ltr'>Hic</span> <span class='ocrx_word' id='word_1_36' title='bbox 440 775 547 822; x_wconf 83' lang='lat' dir='ltr'>morus</span> <span class='ocrx_word' id='word_1_37' title='bbox 568 744 692 820; x_wconf 78' lang='lat' dir='ltr'>ramerii</span> <span class='ocrx_word' id='word_1_38' title='bbox 718 751 754 817; x_wconf 91' lang='lat' dir='ltr'>in</span> <span class='ocrx_word' id='word_1_39' title='bbox 768 741 846 815; x_wconf 78' lang='lat' dir='ltr'>solit</span> <span class='ocrx_word' id='word_1_40' title='bbox 866 743 1019 815; x_wconf 79' lang='lat' dir='ltr'>intestinis</span> <span class='ocrx_word' id='word_1_41' title='bbox 1036 738 1435 840; x_wconf 83' lang='lat' dir='ltr'>peristalricosappeliarur</span> <span class='ocrx_word' id='word_1_42' title='bbox 1460 796 1471 829; x_wconf 91' lang='lat'>,</span> <span class='ocrx_word' id='word_1_43' title='bbox 1499 747 1592 839; x_wconf 89' lang='lat' dir='ltr'>quod</span> <span class='ocrx_word' id='word_1_44' title='bbox 1616 754 1648 819; x_wconf 88' lang='lat' dir='ltr'>in</span> 
     </span>
     <span class='ocr_line' id='line_1_6' title="bbox 291 834 1649 950; baseline -0.005 -30"><span class='ocrx_word' id='word_1_45' title='bbox 291 855 431 950; x_wconf 90' lang='lat' dir='ltr'>partium</span> <span class='ocrx_word' id='word_1_46' title='bbox 446 870 556 917; x_wconf 89' lang='lat' dir='ltr'>mutua</span> <span class='ocrx_word' id='word_1_47' title='bbox 575 836 751 915; x_wconf 80' lang='lat' dir='ltr'>acceffioue</span> <span class='ocrx_word' id='word_1_48' title='bbox 774 834 948 926; x_wconf 79' lang='lat' dir='ltr'>consistat,</span> <span class='ocrx_word' id='word_1_49' title='bbox 970 834 1120 910; x_wconf 88' lang='lat' dir='ltr'>omnibus</span> <span class='ocrx_word' id='word_1_50' title='bbox 1132 858 1239 906; x_wconf 85' lang='lat' dir='ltr'>tamen</span> <span class='ocrx_word' id='word_1_51' title='bbox 1253 841 1289 906; x_wconf 86' lang='lat' dir='ltr'>iis</span> <span class='ocrx_word' id='word_1_52' title='bbox 1303 835 1444 932; x_wconf 81' lang='lat' dir='ltr'>partibus</span> <span class='ocrx_word' id='word_1_53' title='bbox 1462 849 1649 914; x_wconf 84' lang='lat' dir='ltr'>communia</span> 
     </span>
    </p>

    <p class='ocr_par' dir='ltr' id='par_1_4' title="bbox 205 929 1649 2061">
     <span class='ocr_line' id='line_1_7' title="bbox 205 929 1645 1039; baseline -0.004 -24"><span class='ocrx_word' id='word_1_54' title='bbox 205 1008 212 1032; x_wconf 26' lang='lat' dir='ltr'>,s</span> <span class='ocrx_word' id='word_1_55' title='bbox 291 946 357 1031; x_wconf 89' lang='lat' dir='ltr'>est,</span> <span class='ocrx_word' id='word_1_56' title='bbox 383 968 445 1039; x_wconf 68' lang='lat' dir='ltr'>que</span> <span class='ocrx_word' id='word_1_57' title='bbox 464 946 657 1024; x_wconf 89' lang='lat' dir='ltr'>imrnuraur,</span> <span class='ocrx_word' id='word_1_58' title='bbox 672 959 872 1035; x_wconf 65' lang='lat' dir='ltr'>preparant,</span> <span class='ocrx_word' id='word_1_59' title='bbox 891 958 1056 1027; x_wconf 88' lang='lat' dir='ltr'>coquunt,</span> <span class='ocrx_word' id='word_1_60' title='bbox 1072 957 1112 1002; x_wconf 89' lang='lat' dir='ltr'>ac</span> <span class='ocrx_word' id='word_1_61' title='bbox 1136 929 1327 1003; x_wconf 86' lang='lat' dir='ltr'>distribuunt</span> <span class='ocrx_word' id='word_1_62' title='bbox 1352 931 1561 1007; x_wconf 84' lang='lat' dir='ltr'>humores&amp;</span> <span class='ocrx_word' id='word_1_63' title='bbox 1583 934 1645 1035; x_wconf 91' lang='lat' dir='ltr'>spi·</span> 
     </span>
     <span class='ocr_line' id='line_1_8' title="bbox 292 1022 1646 1129; baseline -0.002 -21"><span class='ocrx_word' id='word_1_64' title='bbox 292 1044 390 1122; x_wconf 80' lang='lat' dir='ltr'>ritus,</span> <span class='ocrx_word' id='word_1_65' title='bbox 405 1040 570 1106; x_wconf 71' lang='lat' dir='ltr'>adiiouum</span> <span class='ocrx_word' id='word_1_66' title='bbox 583 1034 775 1104; x_wconf 83' lang='lat' dir='ltr'>animalium</span> <span class='ocrx_word' id='word_1_67' title='bbox 786 1033 943 1129; x_wconf 81' lang='lat' dir='ltr'>praecipua</span> <span class='ocrx_word' id='word_1_68' title='bbox 952 1031 1170 1098; x_wconf 83' lang='lat' dir='ltr'>iustrumenta.</span> <span class='ocrx_word' id='word_1_69' title='bbox 1196 1030 1296 1099; x_wconf 90' lang='lat' dir='ltr'>Hunc</span> <span class='ocrx_word' id='word_1_70' title='bbox 1316 1031 1348 1096; x_wconf 91' lang='lat' dir='ltr'>iu</span> <span class='ocrx_word' id='word_1_71' title='bbox 1363 1022 1454 1098; x_wconf 87' lang='lat' dir='ltr'>usum</span> <span class='ocrx_word' id='word_1_72' title='bbox 1476 1053 1592 1102; x_wconf 87' lang='lat' dir='ltr'>natura</span> <span class='ocrx_word' id='word_1_73' title='bbox 1617 1040 1646 1105; x_wconf 91' lang='lat' dir='ltr'>in</span> 
     </span>
     <span class='ocr_line' id='line_1_9' title="bbox 291 1121 1648 1228; baseline -0.006 -24"><span class='ocrx_word' id='word_1_74' title='bbox 291 1139 432 1205; x_wconf 83' lang='lat' dir='ltr'>venis&amp;</span> <span class='ocrx_word' id='word_1_75' title='bbox 452 1128 529 1200; x_wconf 83' lang='lat' dir='ltr'>vasrs</span> <span class='ocrx_word' id='word_1_76' title='bbox 549 1127 754 1228; x_wconf 82' lang='lat' dir='ltr'>lymphaticis</span> <span class='ocrx_word' id='word_1_77' title='bbox 773 1132 897 1224; x_wconf 79' lang='lat' dir='ltr'>aptavit</span> <span class='ocrx_word' id='word_1_78' title='bbox 921 1123 1063 1194; x_wconf 82' lang='lat' dir='ltr'>valvulas</span> <span class='ocrx_word' id='word_1_79' title='bbox 1084 1148 1138 1220; x_wconf 90' lang='lat' dir='ltr'>per</span> <span class='ocrx_word' id='word_1_80' title='bbox 1153 1121 1317 1193; x_wconf 82' lang='lat' dir='ltr'>intervalla</span> <span class='ocrx_word' id='word_1_81' title='bbox 1333 1122 1496 1218; x_wconf 80' lang='lat' dir='ltr'>dispofiras</span> <span class='ocrx_word' id='word_1_82' title='bbox 1509 1182 1520 1212; x_wconf 89' lang='lat'>,</span> <span class='ocrx_word' id='word_1_83' title='bbox 1535 1126 1648 1225; x_wconf 73' lang='lat' dir='ltr'>quibua</span> 
     </span>
     <span class='ocr_line' id='line_1_10' title="bbox 294 1213 1646 1323; baseline -0.002 -26"><span class='ocrx_word' id='word_1_84' title='bbox 294 1233 328 1298; x_wconf 93' lang='lat' dir='ltr'>in</span> <span class='ocrx_word' id='word_1_85' title='bbox 342 1232 461 1299; x_wconf 83' lang='lat' dir='ltr'>arteriis</span> <span class='ocrx_word' id='word_1_86' title='bbox 474 1251 541 1297; x_wconf 93' lang='lat' dir='ltr'>non</span> <span class='ocrx_word' id='word_1_87' title='bbox 553 1248 633 1323; x_wconf 85' lang='lat' dir='ltr'>opus</span> <span class='ocrx_word' id='word_1_88' title='bbox 651 1246 729 1295; x_wconf 89' lang='lat' dir='ltr'>erar.</span> <span class='ocrx_word' id='word_1_89' title='bbox 752 1228 797 1295; x_wconf 81' lang='lat' dir='ltr'>Ex</span> <span class='ocrx_word' id='word_1_90' title='bbox 816 1225 853 1292; x_wconf 81' lang='lat' dir='ltr'>iia</span> <span class='ocrx_word' id='word_1_91' title='bbox 872 1224 958 1292; x_wconf 86' lang='lat' dir='ltr'>enim</span> <span class='ocrx_word' id='word_1_92' title='bbox 979 1214 1065 1314; x_wconf 79' lang='lat' dir='ltr'>quasi</span> <span class='ocrx_word' id='word_1_93' title='bbox 1087 1243 1141 1288; x_wconf 85' lang='lat' dir='ltr'>vas</span> <span class='ocrx_word' id='word_1_94' title='bbox 1164 1222 1297 1287; x_wconf 90' lang='lat' dir='ltr'>unicum</span> <span class='ocrx_word' id='word_1_95' title='bbox 1318 1213 1487 1309; x_wconf 88' lang='lat' dir='ltr'>conflatur,</span> <span class='ocrx_word' id='word_1_96' title='bbox 1502 1245 1580 1292; x_wconf 87' lang='lat' dir='ltr'>cum</span> <span class='ocrx_word' id='word_1_97' title='bbox 1592 1251 1646 1294; x_wconf 81' lang='lat' dir='ltr'>ve-</span> 
     </span>
     <span class='ocr_line' id='line_1_11' title="bbox 294 1313 1645 1420; baseline -0.002 -26"><span class='ocrx_word' id='word_1_98' title='bbox 294 1347 350 1394; x_wconf 89' lang='lat' dir='ltr'>nas</span> <span class='ocrx_word' id='word_1_99' title='bbox 365 1322 500 1393; x_wconf 77' lang='lat' dir='ltr'>valvulae</span> <span class='ocrx_word' id='word_1_100' title='bbox 513 1327 546 1394; x_wconf 91' lang='lat' dir='ltr'>in</span> <span class='ocrx_word' id='word_1_101' title='bbox 560 1321 727 1420; x_wconf 83' lang='lat' dir='ltr'>compluta</span> <span class='ocrx_word' id='word_1_102' title='bbox 740 1318 829 1388; x_wconf 82' lang='lat' dir='ltr'>velut</span> <span class='ocrx_word' id='word_1_103' title='bbox 840 1313 912 1388; x_wconf 84' lang='lat' dir='ltr'>vasa</span> <span class='ocrx_word' id='word_1_104' title='bbox 922 1317 1140 1386; x_wconf 83' lang='lat' dir='ltr'>disterminenr</span> <span class='ocrx_word' id='word_1_105' title='bbox 1154 1315 1259 1386; x_wconf 81' lang='lat' dir='ltr'>:adeo</span> <span class='ocrx_word' id='word_1_106' title='bbox 1274 1336 1310 1383; x_wconf 93' lang='lat' dir='ltr'>ur</span> <span class='ocrx_word' id='word_1_107' title='bbox 1324 1338 1404 1384; x_wconf 85' lang='lat' dir='ltr'>vena</span> <span class='ocrx_word' id='word_1_108' title='bbox 1413 1313 1534 1388; x_wconf 85' lang='lat' dir='ltr'>alicubi</span> <span class='ocrx_word' id='word_1_109' title='bbox 1549 1318 1645 1417; x_wconf 80' lang='lat' dir='ltr'>pressa</span> 
     </span>
     <span class='ocr_line' id='line_1_12' title="bbox 293 1406 1647 1509; baseline -0.001 -20"><span class='ocrx_word' id='word_1_110' title='bbox 293 1420 429 1490; x_wconf 88' lang='lat' dir='ltr'>naturali</span> <span class='ocrx_word' id='word_1_111' title='bbox 452 1416 503 1488; x_wconf 89' lang='lat' dir='ltr'>san</span> <span class='ocrx_word' id='word_1_112' title='bbox 528 1421 609 1490; x_wconf 89' lang='lat' dir='ltr'>uinis</span> <span class='ocrx_word' id='word_1_113' title='bbox 627 1421 732 1487; x_wconf 89' lang='lat' dir='ltr'>motui</span> <span class='ocrx_word' id='word_1_114' title='bbox 755 1440 812 1484; x_wconf 86' lang='lat' dir='ltr'>ror</span> <span class='ocrx_word' id='word_1_115' title='bbox 835 1409 941 1483; x_wconf 82' lang='lat' dir='ltr'>versus</span> <span class='ocrx_word' id='word_1_116' title='bbox 964 1411 1054 1480; x_wconf 83' lang='lat' dir='ltr'>cedat</span> <span class='ocrx_word' id='word_1_117' title='bbox 1082 1438 1090 1482; x_wconf 93' lang='lat'><strong>:</strong></span> <span class='ocrx_word' id='word_1_118' title='bbox 1119 1406 1168 1481; x_wconf 90' lang='lat' dir='ltr'>sed</span> <span class='ocrx_word' id='word_1_119' title='bbox 1195 1436 1267 1509; x_wconf 85' lang='lat' dir='ltr'>pars</span> <span class='ocrx_word' id='word_1_120' title='bbox 1294 1407 1377 1480; x_wconf 82' lang='lat' dir='ltr'>infra</span> <span class='ocrx_word' id='word_1_121' title='bbox 1403 1411 1569 1484; x_wconf 77' lang='lat' dir='ltr'>valvulam</span> <span class='ocrx_word' id='word_1_122' title='bbox 1597 1414 1647 1487; x_wconf 84' lang='lat' dir='ltr'>fita</span> 
     </span>
     <span class='ocr_line' id='line_1_13' title="bbox 292 1443 1648 1610; baseline -0.001 -26"><span class='ocrx_word' id='word_1_123' title='bbox 292 1512 438 1610; x_wconf 84' lang='lat' dir='ltr'>sanguini</span> <span class='ocrx_word' id='word_1_124' title='bbox 460 1443 605 1585; x_wconf 68' lang='lat' dir='ltr'>resuenri</span> <span class='ocrx_word' id='word_1_125' title='bbox 628 1508 766 1584; x_wconf 84' lang='lat' dir='ltr'>obfisiar.</span> <span class='ocrx_word' id='word_1_126' title='bbox 800 1511 934 1580; x_wconf 78' lang='lat' dir='ltr'>Arteriia</span> <span class='ocrx_word' id='word_1_127' title='bbox 954 1507 1032 1576; x_wconf 84' lang='lat' dir='ltr'>verb</span> <span class='ocrx_word' id='word_1_128' title='bbox 1050 1503 1163 1578; x_wconf 79' lang='lat' dir='ltr'>desunt</span> <span class='ocrx_word' id='word_1_129' title='bbox 1181 1505 1320 1575; x_wconf 82' lang='lat' dir='ltr'>valvulae</span> <span class='ocrx_word' id='word_1_130' title='bbox 1345 1532 1354 1577; x_wconf 90' lang='lat'>:</span> <span class='ocrx_word' id='word_1_131' title='bbox 1375 1508 1504 1577; x_wconf 76' lang='lat' dir='ltr'>numid</span> <span class='ocrx_word' id='word_1_132' title='bbox 1525 1511 1648 1583; x_wconf 83' lang='lat' dir='ltr'>neceffc</span> 
     </span>
     <span class='ocr_line' id='line_1_14' title="bbox 290 1599 1647 1764; baseline -0.004 -83"><span class='ocrx_word' id='word_1_133' title='bbox 290 1632 359 1681; x_wconf 81' lang='lat' dir='ltr'>erar</span> <span class='ocrx_word' id='word_1_134' title='bbox 371 1633 406 1679; x_wconf 92' lang='lat' dir='ltr'>ut</span> <span class='ocrx_word' id='word_1_135' title='bbox 420 1611 534 1679; x_wconf 79' lang='lat' dir='ltr'>arretii</span> <span class='ocrx_word' id='word_1_136' title='bbox 550 1609 590 1680; x_wconf 89' lang='lat' dir='ltr'>aii</span> <span class='ocrx_word' id='word_1_137' title='bbox 618 1632 658 1697; x_wconf 85' lang='lat' dir='ltr'>ua</span> <span class='ocrx_word' id='word_1_138' title='bbox 675 1631 763 1702; x_wconf 85' lang='lat' dir='ltr'>parre</span> <span class='ocrx_word' id='word_1_139' title='bbox 784 1605 874 1702; x_wconf 75' lang='lat' dir='ltr'>pulsi</span> <span class='ocrx_word' id='word_1_140' title='bbox 892 1601 1056 1697; x_wconf 76' lang='lat' dir='ltr'>aequrbilis</span> <span class='ocrx_word' id='word_1_141' title='bbox 1071 1610 1103 1672; x_wconf 94' lang='lat' dir='ltr'>in</span> <span class='ocrx_word' id='word_1_142' title='bbox 1129 1627 1240 1672; x_wconf 83' lang='lat' dir='ltr'>omnes</span> <span class='ocrx_word' id='word_1_143' title='bbox 1262 1624 1365 1764; x_wconf 77' lang='lat' dir='ltr'>parrer</span> <span class='ocrx_word' id='word_1_144' title='bbox 1389 1599 1461 1672; x_wconf 80' lang='lat' dir='ltr'>edet</span> <span class='ocrx_word' id='word_1_145' title='bbox 1477 1605 1647 1702; x_wconf 79' lang='lat' dir='ltr'>impulsio:</span> 
     </span>
     <span class='ocr_line' id='line_1_15' title="bbox 290 1633 1648 1802; baseline -0.006 -29"><span class='ocrx_word' id='word_1_146' title='bbox 290 1727 432 1799; x_wconf 89' lang='lat' dir='ltr'>cumque</span> <span class='ocrx_word' id='word_1_147' title='bbox 446 1703 507 1773; x_wconf 85' lang='lat' dir='ltr'>illae</span> <span class='ocrx_word' id='word_1_148' title='bbox 523 1729 577 1802; x_wconf 90' lang='lat' dir='ltr'>per</span> <span class='ocrx_word' id='word_1_149' title='bbox 594 1633 687 1772; x_wconf 74' lang='lat' dir='ltr'>llbras</span> <span class='ocrx_word' id='word_1_150' title='bbox 703 1705 846 1801; x_wconf 83' lang='lat' dir='ltr'>proprias</span> <span class='ocrx_word' id='word_1_151' title='bbox 863 1703 929 1770; x_wconf 76' lang='lat' dir='ltr'>uua</span> <span class='ocrx_word' id='word_1_152' title='bbox 944 1722 1018 1767; x_wconf 87' lang='lat' dir='ltr'>cum</span> <span class='ocrx_word' id='word_1_153' title='bbox 1034 1700 1129 1768; x_wconf 91' lang='lat' dir='ltr'>corde</span> <span class='ocrx_word' id='word_1_154' title='bbox 1151 1721 1263 1767; x_wconf 87' lang='lat' dir='ltr'>contra</span> <span class='ocrx_word' id='word_1_155' title='bbox 1289 1721 1409 1782; x_wconf 90' lang='lat' dir='ltr'>untur,</span> <span class='ocrx_word' id='word_1_156' title='bbox 1434 1695 1455 1766; x_wconf 88' lang='lat' dir='ltr'>sr</span> <span class='ocrx_word' id='word_1_157' title='bbox 1478 1698 1566 1771; x_wconf 68' lang='lat' dir='ltr'>forti</span> <span class='ocrx_word' id='word_1_158' title='bbox 1593 1705 1648 1774; x_wconf 86' lang='lat' dir='ltr'>ali.</span> 
     </span>
     <span class='ocr_line' id='line_1_16' title="bbox 288 1789 1649 1894; baseline 0.001 -27"><span class='ocrx_word' id='word_1_159' title='bbox 288 1796 363 1867; x_wconf 88' lang='lat' dir='ltr'>cubi</span> <span class='ocrx_word' id='word_1_160' title='bbox 385 1823 594 1894; x_wconf 80' lang='lat' dir='ltr'>premantur,</span> <span class='ocrx_word' id='word_1_161' title='bbox 618 1822 719 1894; x_wconf 88' lang='lat' dir='ltr'>prope</span> <span class='ocrx_word' id='word_1_162' title='bbox 734 1822 791 1866; x_wconf 92' lang='lat' dir='ltr'>cor</span> <span class='ocrx_word' id='word_1_163' title='bbox 804 1792 907 1893; x_wconf 89' lang='lat' dir='ltr'>ipsum</span> <span class='ocrx_word' id='word_1_164' title='bbox 927 1797 1029 1890; x_wconf 81' lang='lat' dir='ltr'>magia</span> <span class='ocrx_word' id='word_1_165' title='bbox 1050 1789 1230 1879; x_wconf 78' lang='lat' dir='ltr'>obsistunt,</span> <span class='ocrx_word' id='word_1_166' title='bbox 1255 1790 1309 1862; x_wconf 90' lang='lat' dir='ltr'>ubi</span> <span class='ocrx_word' id='word_1_167' title='bbox 1329 1792 1649 1870; x_wconf 77' lang='lat' dir='ltr'>validiorestarreriae</span> 
     </span>
     <span class='ocr_line' id='line_1_17' title="bbox 287 1885 1649 2058; baseline 0.001 -96"><span class='ocrx_word' id='word_1_168' title='bbox 287 1895 469 2058; x_wconf 69' lang='lat' dir='ltr'>cpprradiio</span> <span class='ocrx_word' id='word_1_169' title='bbox 487 1920 497 1965; x_wconf 77' lang='lat' dir='ltr'><strong><em>z</em></strong></span> <span class='ocrx_word' id='word_1_170' title='bbox 517 1897 599 1966; x_wconf 90' lang='lat' dir='ltr'>adeo</span> <span class='ocrx_word' id='word_1_171' title='bbox 613 1916 647 1964; x_wconf 88' lang='lat' dir='ltr'>ur</span> <span class='ocrx_word' id='word_1_172' title='bbox 659 1890 808 1989; x_wconf 77' lang='lat' dir='ltr'>impulsio</span> <span class='ocrx_word' id='word_1_173' title='bbox 833 1885 939 1960; x_wconf 78' lang='lat' dir='ltr'>versus</span> <span class='ocrx_word' id='word_1_174' title='bbox 962 1911 1103 1959; x_wconf 81' lang='lat' dir='ltr'>extrema</span> <span class='ocrx_word' id='word_1_175' title='bbox 1119 1893 1238 1958; x_wconf 89' lang='lat' dir='ltr'>nitatur</span> <span class='ocrx_word' id='word_1_176' title='bbox 1252 1943 1265 1974; x_wconf 89' lang='lat'>,</span> <span class='ocrx_word' id='word_1_177' title='bbox 1278 1912 1382 1984; x_wconf 87' lang='lat' dir='ltr'>neque</span> <span class='ocrx_word' id='word_1_178' title='bbox 1397 1891 1437 1959; x_wconf 89' lang='lat' dir='ltr'>ad</span> <span class='ocrx_word' id='word_1_179' title='bbox 1450 1915 1507 1962; x_wconf 92' lang='lat' dir='ltr'>cor</span> <span class='ocrx_word' id='word_1_180' title='bbox 1527 1887 1649 1992; x_wconf 77' lang='lat' dir='ltr'>sanguia</span> 
     </span>
     <span class='ocr_line' id='line_1_18' title="bbox 286 2011 413 2061; baseline 0.031 -5"><span class='ocrx_word' id='word_1_181' title='bbox 286 2011 303 2056; x_wconf 90' lang='lat' dir='ltr'>r</span> <span class='ocrx_word' id='word_1_182' title='bbox 348 2011 413 2061; x_wconf 85' lang='lat' dir='ltr'>uat.</span> 
     </span>
    </p>

    <p class='ocr_par' dir='ltr' id='par_1_5' title="bbox 289 2074 1649 2759">
     <span class='ocr_line' id='line_1_19' title="bbox 334 2074 1649 2182; baseline 0.003 -28"><span class='ocrx_word' id='word_1_183' title='bbox 334 2089 379 2156; x_wconf 89' lang='lat' dir='ltr'>V.</span> <span class='ocrx_word' id='word_1_184' title='bbox 404 2088 486 2157; x_wconf 73' lang='lat' dir='ltr'>Haec</span> <span class='ocrx_word' id='word_1_185' title='bbox 498 2079 701 2155; x_wconf 79' lang='lat' dir='ltr'>valuularum</span> <span class='ocrx_word' id='word_1_186' title='bbox 720 2075 886 2178; x_wconf 79' lang='lat' dir='ltr'>dispositio</span> <span class='ocrx_word' id='word_1_187' title='bbox 903 2079 1078 2150; x_wconf 88' lang='lat' dir='ltr'>humorum</span> <span class='ocrx_word' id='word_1_188' title='bbox 1091 2074 1186 2149; x_wconf 83' lang='lat' dir='ltr'>fluori</span> <span class='ocrx_word' id='word_1_189' title='bbox 1199 2077 1245 2149; x_wconf 88' lang='lat' dir='ltr'>est</span> <span class='ocrx_word' id='word_1_190' title='bbox 1266 2082 1537 2169; x_wconf 81' lang='lat' dir='ltr'>accommodata,</span> <span class='ocrx_word' id='word_1_191' title='bbox 1554 2107 1649 2182; x_wconf 87' lang='lat' dir='ltr'>arque</span> 
     </span>
     <span class='ocr_line' id='line_1_20' title="bbox 289 2169 1648 2279; baseline 0.002 -30"><span class='ocrx_word' id='word_1_192' title='bbox 289 2201 404 2249; x_wconf 82' lang='lat' dir='ltr'>eorum</span> <span class='ocrx_word' id='word_1_193' title='bbox 421 2204 549 2250; x_wconf 88' lang='lat' dir='ltr'>morum</span> <span class='ocrx_word' id='word_1_194' title='bbox 571 2177 776 2262; x_wconf 82' lang='lat' dir='ltr'>moderatur,</span> <span class='ocrx_word' id='word_1_195' title='bbox 801 2171 853 2245; x_wconf 83' lang='lat' dir='ltr'>sed</span> <span class='ocrx_word' id='word_1_196' title='bbox 876 2171 969 2245; x_wconf 82' lang='lat' dir='ltr'>rebus</span> <span class='ocrx_word' id='word_1_197' title='bbox 989 2169 1188 2244; x_wconf 75' lang='lat' dir='ltr'>crassioribus</span> <span class='ocrx_word' id='word_1_198' title='bbox 1199 2231 1209 2260; x_wconf 91' lang='lat'>,</span> <span class='ocrx_word' id='word_1_199' title='bbox 1221 2172 1398 2267; x_wconf 83' lang='lat' dir='ltr'>cujusmodi</span> <span class='ocrx_word' id='word_1_200' title='bbox 1412 2175 1486 2250; x_wconf 91' lang='lat' dir='ltr'>sunt</span> <span class='ocrx_word' id='word_1_201' title='bbox 1502 2177 1580 2268; x_wconf 82' lang='lat' dir='ltr'>cibi,</span> <span class='ocrx_word' id='word_1_202' title='bbox 1593 2185 1648 2279; x_wconf 84' lang='lat' dir='ltr'>qui</span> 
     </span>
     <span class='ocr_line' id='line_1_21' title="bbox 289 2265 1648 2371; baseline 0.004 -29"><span class='ocrx_word' id='word_1_203' title='bbox 289 2298 346 2370; x_wconf 92' lang='lat' dir='ltr'>per</span> <span class='ocrx_word' id='word_1_204' title='bbox 357 2269 569 2371; x_wconf 75' lang='lat' dir='ltr'>oesopiugum</span> <span class='ocrx_word' id='word_1_205' title='bbox 582 2274 614 2341; x_wconf 84' lang='lat' dir='ltr'>in</span> <span class='ocrx_word' id='word_1_206' title='bbox 634 2269 852 2347; x_wconf 84' lang='lat' dir='ltr'>ventriculum</span> <span class='ocrx_word' id='word_1_207' title='bbox 875 2265 997 2342; x_wconf 78' lang='lat' dir='ltr'>demiffi</span> <span class='ocrx_word' id='word_1_208' title='bbox 1014 2324 1025 2354; x_wconf 92' lang='lat'>,</span> <span class='ocrx_word' id='word_1_209' title='bbox 1041 2277 1075 2342; x_wconf 73' lang='grc' dir='ltr'>δι</span> <span class='ocrx_word' id='word_1_210' title='bbox 1093 2272 1127 2337; x_wconf 87' lang='lat' dir='ltr'>in</span> <span class='ocrx_word' id='word_1_211' title='bbox 1146 2294 1190 2339; x_wconf 93' lang='lat' dir='ltr'>eo</span> <span class='ocrx_word' id='word_1_212' title='bbox 1212 2272 1297 2341; x_wconf 69' lang='lat' dir='ltr'>cosli</span> <span class='ocrx_word' id='word_1_213' title='bbox 1320 2275 1354 2341; x_wconf 91' lang='lat' dir='ltr'>in</span> <span class='ocrx_word' id='word_1_214' title='bbox 1372 2272 1506 2370; x_wconf 82' lang='lat' dir='ltr'>chylurn</span> <span class='ocrx_word' id='word_1_215' title='bbox 1520 2273 1648 2364; x_wconf 84' lang='lat' dir='ltr'>abeunt,</span> 
     </span>
     <span class='ocr_line' id='line_1_22' title="bbox 291 2362 1647 2468; baseline 0.003 -29"><span class='ocrx_word' id='word_1_216' title='bbox 291 2363 540 2439; x_wconf 74' lang='lat' dir='ltr'>transmittendis</span> <span class='ocrx_word' id='word_1_217' title='bbox 568 2374 607 2462; x_wconf 17' lang='lat' dir='ltr'>in*</span> <span class='ocrx_word' id='word_1_218' title='bbox 628 2366 694 2463; x_wconf 81' lang='lat' dir='ltr'>ipsa</span> <span class='ocrx_word' id='word_1_219' title='bbox 719 2366 868 2447; x_wconf 80' lang='lat' dir='ltr'>intestina</span> <span class='ocrx_word' id='word_1_220' title='bbox 883 2369 988 2437; x_wconf 81' lang='lat' dir='ltr'>mirrus</span> <span class='ocrx_word' id='word_1_221' title='bbox 1014 2366 1128 2436; x_wconf 84' lang='lat' dir='ltr'>idonea</span> <span class='ocrx_word' id='word_1_222' title='bbox 1153 2362 1250 2439; x_wconf 82' lang='lat' dir='ltr'>foret.</span> <span class='ocrx_word' id='word_1_223' title='bbox 1277 2367 1351 2437; x_wconf 81' lang='lat' dir='ltr'>Alia</span> <span class='ocrx_word' id='word_1_224' title='bbox 1370 2373 1468 2466; x_wconf 84' lang='lat' dir='ltr'>igitur</span> <span class='ocrx_word' id='word_1_225' title='bbox 1489 2396 1574 2468; x_wconf 84' lang='lat' dir='ltr'>opus</span> <span class='ocrx_word' id='word_1_226' title='bbox 1590 2371 1647 2443; x_wconf 85' lang='lat' dir='ltr'>fuit</span> 
     </span>
     <span class='ocr_line' id='line_1_23' title="bbox 292 2459 1646 2559; baseline 0.004 -26"><span class='ocrx_word' id='word_1_227' title='bbox 292 2461 556 2551; x_wconf 82' lang='lat' dir='ltr'>machinatione,</span> <span class='ocrx_word' id='word_1_228' title='bbox 581 2485 617 2533; x_wconf 91' lang='lat' dir='ltr'>ur</span> <span class='ocrx_word' id='word_1_229' title='bbox 631 2461 743 2559; x_wconf 79' lang='lat' dir='ltr'>chylus</span> <span class='ocrx_word' id='word_1_230' title='bbox 763 2485 821 2559; x_wconf 86' lang='lat' dir='ltr'>per</span> <span class='ocrx_word' id='word_1_231' title='bbox 843 2459 1065 2532; x_wconf 81' lang='lat' dir='ltr'>intestinorum</span> <span class='ocrx_word' id='word_1_232' title='bbox 1087 2460 1199 2532; x_wconf 72' lang='lat' dir='ltr'>ductus</span> <span class='ocrx_word' id='word_1_233' title='bbox 1211 2471 1244 2534; x_wconf 75' lang='lat' dir='ltr'>uc</span> <span class='ocrx_word' id='word_1_234' title='bbox 1267 2462 1429 2535; x_wconf 69' lang='lat' dir='ltr'>anfrasiur</span> <span class='ocrx_word' id='word_1_235' title='bbox 1447 2463 1491 2537; x_wconf 82' lang='lat' dir='ltr'>fic</span> <span class='ocrx_word' id='word_1_236' title='bbox 1511 2468 1646 2539; x_wconf 88' lang='lat' dir='ltr'>deduca-</span> 
     </span>
     <span class='ocr_line' id='line_1_24' title="bbox 293 2552 1646 2659; baseline 0.001 -30"><span class='ocrx_word' id='word_1_237' title='bbox 293 2580 370 2643; x_wconf 81' lang='lat' dir='ltr'>tur,</span> <span class='ocrx_word' id='word_1_238' title='bbox 388 2580 424 2628; x_wconf 89' lang='lat' dir='ltr'>ur</span> <span class='ocrx_word' id='word_1_239' title='bbox 438 2559 592 2631; x_wconf 81' lang='lat' dir='ltr'>alimenta</span> <span class='ocrx_word' id='word_1_240' title='bbox 603 2565 758 2644; x_wconf 82' lang='lat' dir='ltr'>retineri,</span> <span class='ocrx_word' id='word_1_241' title='bbox 785 2564 820 2629; x_wconf 81' lang='lat' dir='ltr'>dc</span> <span class='ocrx_word' id='word_1_242' title='bbox 843 2554 980 2628; x_wconf 81' lang='lat' dir='ltr'>refluxus</span> <span class='ocrx_word' id='word_1_243' title='bbox 1001 2552 1137 2626; x_wconf 86' lang='lat' dir='ltr'>inhiberi</span> <span class='ocrx_word' id='word_1_244' title='bbox 1158 2555 1252 2656; x_wconf 79' lang='lat' dir='ltr'>poilit</span> <span class='ocrx_word' id='word_1_245' title='bbox 1273 2613 1284 2643; x_wconf 93' lang='lat'>,</span> <span class='ocrx_word' id='word_1_246' title='bbox 1308 2581 1406 2656; x_wconf 85' lang='lat' dir='ltr'>arque</span> <span class='ocrx_word' id='word_1_247' title='bbox 1432 2566 1475 2631; x_wconf 80' lang='lat' dir='ltr'>eo</span> <span class='ocrx_word' id='word_1_248' title='bbox 1504 2560 1646 2659; x_wconf 83' lang='lat' dir='ltr'>pellatur,</span> 
     </span>
     <span class='ocr_line' id='line_1_25' title="bbox 295 2652 1647 2759; baseline 0 -35"><span class='ocrx_word' id='word_1_249' title='bbox 295 2657 364 2750; x_wconf 81' lang='lat' dir='ltr'>quo</span> <span class='ocrx_word' id='word_1_250' title='bbox 382 2678 456 2724; x_wconf 90' lang='lat' dir='ltr'>eum</span> <span class='ocrx_word' id='word_1_251' title='bbox 481 2677 613 2753; x_wconf 84' lang='lat' dir='ltr'>pergere</span> <span class='ocrx_word' id='word_1_252' title='bbox 634 2652 754 2726; x_wconf 79' lang='lat' dir='ltr'>necesse</span> <span class='ocrx_word' id='word_1_253' title='bbox 769 2653 822 2724; x_wconf 78' lang='lat' dir='ltr'>est.</span> <span class='ocrx_word' id='word_1_254' title='bbox 853 2654 942 2725; x_wconf 86' lang='lat' dir='ltr'>Huic</span> <span class='ocrx_word' id='word_1_255' title='bbox 957 2656 1002 2722; x_wconf 89' lang='lat' dir='ltr'>rei</span> <span class='ocrx_word' id='word_1_256' title='bbox 1022 2653 1087 2722; x_wconf 91' lang='lat' dir='ltr'>duo</span> <span class='ocrx_word' id='word_1_257' title='bbox 1103 2653 1384 2724; x_wconf 87' lang='lat' dir='ltr'>instrumentorum</span> <span class='ocrx_word' id='word_1_258' title='bbox 1402 2679 1519 2752; x_wconf 82' lang='lat' dir='ltr'>genera</span> <span class='ocrx_word' id='word_1_259' title='bbox 1538 2682 1647 2759; x_wconf 85' lang='lat' dir='ltr'>aptan-</span> 
     </span>
    </p>
   </div>
   <div class='ocr_carea' id='block_1_3' title="bbox 293 2743 1648 2942">
    <p class='ocr_par' dir='ltr' id='par_1_6' title="bbox 293 2743 1648 2942">
     <span class='ocr_line' id='line_1_26' title="bbox 293 2743 1647 2848; baseline 0.003 -29"><span class='ocrx_word' id='word_1_260' title='bbox 293 2771 347 2819; x_wconf 86' lang='lat' dir='ltr'>tur</span> <span class='ocrx_word' id='word_1_261' title='bbox 362 2784 372 2837; x_wconf 80' lang='lat'>3</span> <span class='ocrx_word' id='word_1_262' title='bbox 385 2771 487 2819; x_wconf 88' lang='lat' dir='ltr'>unum</span> <span class='ocrx_word' id='word_1_263' title='bbox 504 2775 619 2822; x_wconf 89' lang='lat' dir='ltr'>eorum</span> <span class='ocrx_word' id='word_1_264' title='bbox 638 2775 710 2846; x_wconf 85' lang='lat' dir='ltr'>quae</span> <span class='ocrx_word' id='word_1_265' title='bbox 730 2743 802 2821; x_wconf 89' lang='lat' dir='ltr'>sunt</span> <span class='ocrx_word' id='word_1_266' title='bbox 821 2744 1007 2834; x_wconf 80' lang='lat' dir='ltr'>urunifesta,</span> <span class='ocrx_word' id='word_1_267' title='bbox 1027 2743 1205 2840; x_wconf 55' lang='lat' dir='ltr'>cuiusmodi</span> <span class='ocrx_word' id='word_1_268' title='bbox 1219 2748 1291 2820; x_wconf 89' lang='lat' dir='ltr'>suut</span> <span class='ocrx_word' id='word_1_269' title='bbox 1306 2749 1383 2847; x_wconf 87' lang='lat' dir='ltr'>phar</span> <span class='ocrx_word' id='word_1_270' title='bbox 1409 2754 1478 2848; x_wconf 79' lang='lat' dir='ltr'>ugia</span> <span class='ocrx_word' id='word_1_271' title='bbox 1499 2761 1536 2826; x_wconf 70' lang='lat' dir='ltr'>dt</span> <span class='ocrx_word' id='word_1_272' title='bbox 1563 2751 1647 2825; x_wconf 84' lang='lat' dir='ltr'>oeso·</span> 
     </span>
     <span class='ocr_line' id='line_1_27' title="bbox 295 2776 1648 2942; baseline 0.001 -26"><span class='ocrx_word' id='word_1_273' title='bbox 295 2841 392 2941; x_wconf 77' lang='lat' dir='ltr'>phagi</span> <span class='ocrx_word' id='word_1_274' title='bbox 405 2838 563 2932; x_wconf 71' lang='lat' dir='ltr'>nusculi,</span> <span class='ocrx_word' id='word_1_275' title='bbox 579 2870 721 2942; x_wconf 85' lang='lat' dir='ltr'>quorum</span> <span class='ocrx_word' id='word_1_276' title='bbox 745 2845 833 2916; x_wconf 70' lang='lat' dir='ltr'>cilio</span> <span class='ocrx_word' id='word_1_277' title='bbox 846 2843 894 2915; x_wconf 75' lang='lat' dir='ltr'>,eii</span> <span class='ocrx_word' id='word_1_278' title='bbox 911 2836 1115 2938; x_wconf 71' lang='lat' dir='ltr'>spontanea,</span> <span class='ocrx_word' id='word_1_279' title='bbox 1137 2843 1200 2915; x_wconf 83' lang='lat' dir='ltr'>alia</span> <span class='ocrx_word' id='word_1_280' title='bbox 1222 2840 1315 2917; x_wconf 79' lang='lat' dir='ltr'>nobis</span> <span class='ocrx_word' id='word_1_281' title='bbox 1340 2776 1442 2917; x_wconf 76' lang='lat' dir='ltr'>insciis</span> <span class='ocrx_word' id='word_1_282' title='bbox 1467 2852 1533 2917; x_wconf 82' lang='lat' dir='ltr'>rim</span> <span class='ocrx_word' id='word_1_283' title='bbox 1558 2843 1648 2918; x_wconf 89' lang='lat' dir='ltr'>suam</span> 
     </span>
    </p>
   </div>
   <div class='ocr_carea' id='block_1_4' title="bbox 199 2937 1651 4762">
    <p class='ocr_par' dir='ltr' id='par_1_7' title="bbox 288 2937 1647 3707">
     <span class='ocr_line' id='line_1_28' title="bbox 294 2937 1647 3043; baseline 0.003 -35"><span class='ocrx_word' id='word_1_284' title='bbox 294 2946 449 3027; x_wconf 73' lang='lat' dir='ltr'>exeriunt,</span> <span class='ocrx_word' id='word_1_285' title='bbox 466 2965 539 3037; x_wconf 79' lang='lat' dir='ltr'>quae</span> <span class='ocrx_word' id='word_1_286' title='bbox 559 2945 593 3013; x_wconf 87' lang='lat' dir='ltr'>in</span> <span class='ocrx_word' id='word_1_287' title='bbox 610 2937 788 3040; x_wconf 74' lang='lat' dir='ltr'>osophago</span> <span class='ocrx_word' id='word_1_288' title='bbox 802 2948 834 3012; x_wconf 78' lang='lat' dir='ltr'>dc</span> <span class='ocrx_word' id='word_1_289' title='bbox 847 2938 1001 3010; x_wconf 79' lang='lat' dir='ltr'>intestinis</span> <span class='ocrx_word' id='word_1_290' title='bbox 1020 2940 1131 3011; x_wconf 88' lang='lat' dir='ltr'>eadem</span> <span class='ocrx_word' id='word_1_291' title='bbox 1156 2939 1248 3034; x_wconf 86' lang='lat' dir='ltr'>plane</span> <span class='ocrx_word' id='word_1_292' title='bbox 1271 2941 1397 3012; x_wconf 86' lang='lat' dir='ltr'>viderur</span> <span class='ocrx_word' id='word_1_293' title='bbox 1422 2997 1433 3025; x_wconf 88' lang='lat'>,</span> <span class='ocrx_word' id='word_1_294' title='bbox 1454 2967 1592 3043; x_wconf 69' lang='lat' dir='ltr'>quaque</span> <span class='ocrx_word' id='word_1_295' title='bbox 1616 2947 1647 3013; x_wconf 92' lang='lat' dir='ltr'>in</span> 
     </span>
     <span class='ocr_line' id='line_1_29' title="bbox 294 3030 1647 3135; baseline 0.007 -34"><span class='ocrx_word' id='word_1_296' title='bbox 294 3030 465 3106; x_wconf 82' lang='lat' dir='ltr'>succeffi&#39;ra</span> <span class='ocrx_word' id='word_1_297' title='bbox 487 3037 714 3109; x_wconf 68' lang='lat' dir='ltr'>constridiione</span> <span class='ocrx_word' id='word_1_298' title='bbox 731 3031 894 3121; x_wconf 80' lang='lat' dir='ltr'>confistr&#39;t,</span> <span class='ocrx_word' id='word_1_299' title='bbox 918 3040 954 3106; x_wconf 81' lang='lat' dir='ltr'>dc</span> <span class='ocrx_word' id='word_1_300' title='bbox 974 3059 1030 3131; x_wconf 92' lang='lat' dir='ltr'>per</span> <span class='ocrx_word' id='word_1_301' title='bbox 1050 3031 1145 3106; x_wconf 81' lang='lat' dir='ltr'>librar</span> <span class='ocrx_word' id='word_1_302' title='bbox 1172 3035 1337 3108; x_wconf 86' lang='lat' dir='ltr'>circulares</span> <span class='ocrx_word' id='word_1_303' title='bbox 1358 3035 1533 3135; x_wconf 84' lang='lat' dir='ltr'>perficitur.</span> <span class='ocrx_word' id='word_1_304' title='bbox 1560 3043 1647 3112; x_wconf 81' lang='lat' dir='ltr'>Nau·-</span> 
     </span>
     <span class='ocr_line' id='line_1_30' title="bbox 293 3126 1639 3235; baseline 0.006 -38"><span class='ocrx_word' id='word_1_305' title='bbox 293 3127 341 3198; x_wconf 80' lang='lat' dir='ltr'>hae</span> <span class='ocrx_word' id='word_1_306' title='bbox 356 3126 539 3203; x_wconf 83' lang='lat' dir='ltr'>fibraeidem</span> <span class='ocrx_word' id='word_1_307' title='bbox 553 3130 619 3205; x_wconf 87' lang='lat' dir='ltr'>fere</span> <span class='ocrx_word' id='word_1_308' title='bbox 640 3156 756 3204; x_wconf 78' lang='lat' dir='ltr'>munus</span> <span class='ocrx_word' id='word_1_309' title='bbox 778 3128 900 3203; x_wconf 85' lang='lat' dir='ltr'>obeunt</span> <span class='ocrx_word' id='word_1_310' title='bbox 920 3130 1010 3223; x_wconf 90' lang='lat' dir='ltr'>quod</span> <span class='ocrx_word' id='word_1_311' title='bbox 1035 3130 1169 3201; x_wconf 83' lang='lat' dir='ltr'>valvulae</span> <span class='ocrx_word' id='word_1_312' title='bbox 1189 3134 1223 3202; x_wconf 92' lang='lat' dir='ltr'>in</span> <span class='ocrx_word' id='word_1_313' title='bbox 1240 3137 1341 3208; x_wconf 85' lang='lat' dir='ltr'>venis.</span> <span class='ocrx_word' id='word_1_314' title='bbox 1389 3136 1479 3206; x_wconf 89' lang='lat' dir='ltr'>Cum</span> <span class='ocrx_word' id='word_1_315' title='bbox 1500 3131 1639 3235; x_wconf 75' lang='lat' dir='ltr'>oesopha</span> 
     </span>
     <span class='ocr_line' id='line_1_31' title="bbox 290 3221 1644 3396; baseline 0.006 -102"><span class='ocrx_word' id='word_1_316' title='bbox 290 3248 349 3390; x_wconf 64' lang='lat' dir='ltr'>pus</span> <span class='ocrx_word' id='word_1_317' title='bbox 362 3225 554 3394; x_wconf 54' lang='lat' dir='ltr'>pulmonpffi</span> <span class='ocrx_word' id='word_1_318' title='bbox 563 3232 616 3314; x_wconf 90' lang='lat' dir='ltr'>vi,</span> <span class='ocrx_word' id='word_1_319' title='bbox 631 3250 686 3298; x_wconf 88' lang='lat' dir='ltr'>aut</span> <span class='ocrx_word' id='word_1_320' title='bbox 704 3227 850 3390; x_wconf 67' lang='lat' dir='ltr'>inrestipa</span> <span class='ocrx_word' id='word_1_321' title='bbox 863 3222 1048 3389; x_wconf 48' lang='lat' dir='ltr'>ppdominils¹</span> <span class='ocrx_word' id='word_1_322' title='bbox 1055 3221 1278 3392; x_wconf 63' lang='lat' dir='ltr'>niuspulprum</span> <span class='ocrx_word' id='word_1_323' title='bbox 1294 3224 1644 3396; x_wconf 44' lang='lat' dir='ltr'>irippulspprpruuurplrlf</span> 
     </span>
     <span class='ocr_line' id='line_1_32' title="bbox 290 3343 1646 3516; baseline 0.001 -30"><span class='ocrx_word' id='word_1_324' title='bbox 290 3344 802 3490; x_wconf 51' lang='lat' dir='ltr'>cddstildhnldrfibrdnhhned&#39;magssc</span> <span class='ocrx_word' id='word_1_325' title='bbox 821 3343 1036 3502; x_wconf 51' lang='lat' dir='ltr'>dhaeruffiihasl,</span> <span class='ocrx_word' id='word_1_326' title='bbox 1050 3346 1105 3489; x_wconf 50' lang='lat'>³:¹1?</span> <span class='ocrx_word' id='word_1_327' title='bbox 1118 3347 1251 3488; x_wconf 50' lang='lat' dir='ltr'>suhldlld1</span> <span class='ocrx_word' id='word_1_328' title='bbox 1262 3344 1370 3516; x_wconf 52' lang='lat' dir='ltr'>{birds</span> <span class='ocrx_word' id='word_1_329' title='bbox 1379 3349 1646 3516; x_wconf 54' lang='lat' dir='ltr'>’cpdirhtderdssudl</span> 
     </span>
     <span class='ocr_line' id='line_1_33' title="bbox 289 3509 1647 3619; baseline 0.001 -35"><span class='ocrx_word' id='word_1_330' title='bbox 289 3513 426 3591; x_wconf 78' lang='lat' dir='ltr'>tendat:</span> <span class='ocrx_word' id='word_1_331' title='bbox 449 3515 725 3610; x_wconf 82' lang='lat' dir='ltr'>quemadmodum</span> <span class='ocrx_word' id='word_1_332' title='bbox 739 3533 895 3584; x_wconf 83' lang='lat' dir='ltr'>venatum</span> <span class='ocrx_word' id='word_1_333' title='bbox 912 3509 1049 3583; x_wconf 82' lang='lat' dir='ltr'>valvulae</span> <span class='ocrx_word' id='word_1_334' title='bbox 1062 3509 1224 3611; x_wconf 82' lang='lat' dir='ltr'>sanguinis</span> <span class='ocrx_word' id='word_1_335' title='bbox 1234 3536 1363 3586; x_wconf 85' lang='lat' dir='ltr'>morum</span> <span class='ocrx_word' id='word_1_336' title='bbox 1384 3512 1492 3589; x_wconf 79' lang='lat' dir='ltr'>versus</span> <span class='ocrx_word' id='word_1_337' title='bbox 1505 3541 1564 3593; x_wconf 89' lang='lat' dir='ltr'>cor</span> <span class='ocrx_word' id='word_1_338' title='bbox 1575 3539 1647 3619; x_wconf 87' lang='lat' dir='ltr'>pro·</span> 
     </span>
     <span class='ocr_line' id='line_1_34' title="bbox 288 3606 1136 3707; baseline 0.004 -30"><span class='ocrx_word' id='word_1_339' title='bbox 288 3606 434 3707; x_wconf 90' lang='lat' dir='ltr'>pellunt,</span> <span class='ocrx_word' id='word_1_340' title='bbox 450 3610 541 3703; x_wconf 91' lang='lat' dir='ltr'>quod</span> <span class='ocrx_word' id='word_1_341' title='bbox 554 3610 678 3684; x_wconf 83' lang='lat' dir='ltr'>obstent</span> <span class='ocrx_word' id='word_1_342' title='bbox 690 3607 826 3681; x_wconf 79' lang='lat' dir='ltr'>valvulae</span> <span class='ocrx_word' id='word_1_343' title='bbox 840 3630 880 3679; x_wconf 87' lang='lat' dir='ltr'>ue</span> <span class='ocrx_word' id='word_1_344' title='bbox 893 3606 959 3678; x_wconf 89' lang='lat' dir='ltr'>alio</span> <span class='ocrx_word' id='word_1_345' title='bbox 974 3606 1136 3680; x_wconf 70' lang='lat' dir='ltr'>defleuar.</span> 
     </span>
    </p>

    <p class='ocr_par' dir='ltr' id='par_1_8' title="bbox 199 3701 1651 4566">
     <span class='ocr_line' id='line_1_35' title="bbox 199 3701 1647 3804; baseline 0.007 -30"><span class='ocrx_word' id='word_1_346' title='bbox 199 3727 203 3733; x_wconf 90' lang='lat'>·</span> <span class='ocrx_word' id='word_1_347' title='bbox 342 3711 402 3776; x_wconf 82' lang='lat' dir='ltr'>Vl·</span> <span class='ocrx_word' id='word_1_348' title='bbox 430 3706 492 3776; x_wconf 89' lang='lat' dir='ltr'>Sed</span> <span class='ocrx_word' id='word_1_349' title='bbox 512 3730 619 3778; x_wconf 85' lang='lat' dir='ltr'>tamen</span> <span class='ocrx_word' id='word_1_350' title='bbox 633 3701 828 3804; x_wconf 77' lang='lat' dir='ltr'>compressio</span> <span class='ocrx_word' id='word_1_351' title='bbox 843 3702 900 3773; x_wconf 91' lang='lat' dir='ltr'>illa</span> <span class='ocrx_word' id='word_1_352' title='bbox 916 3707 969 3774; x_wconf 85' lang='lat' dir='ltr'>vix</span> <span class='ocrx_word' id='word_1_353' title='bbox 992 3702 1079 3775; x_wconf 86' lang='lat' dir='ltr'>effici</span> <span class='ocrx_word' id='word_1_354' title='bbox 1101 3704 1204 3802; x_wconf 86' lang='lat' dir='ltr'>potest</span> <span class='ocrx_word' id='word_1_355' title='bbox 1224 3710 1258 3775; x_wconf 91' lang='lat' dir='ltr'>in</span> <span class='ocrx_word' id='word_1_356' title='bbox 1284 3710 1295 3775; x_wconf 95' lang='lat' dir='ltr'>i</span> <span class='ocrx_word' id='word_1_357' title='bbox 1319 3702 1356 3776; x_wconf 80' lang='lat' dir='ltr'>sis</span> <span class='ocrx_word' id='word_1_358' title='bbox 1382 3709 1571 3798; x_wconf 83' lang='lat' dir='ltr'>intestinis,</span> <span class='ocrx_word' id='word_1_359' title='bbox 1596 3707 1647 3784; x_wconf 76' lang='lat' dir='ltr'>m‘i</span> 
     </span>
     <span class='ocr_line' id='line_1_36' title="bbox 290 3733 1647 3898; baseline 0.01 -31"><span class='ocrx_word' id='word_1_360' title='bbox 290 3795 405 3891; x_wconf 86' lang='lat' dir='ltr'>aliquo</span> <span class='ocrx_word' id='word_1_361' title='bbox 416 3805 450 3868; x_wconf 93' lang='lat' dir='ltr'>in</span> <span class='ocrx_word' id='word_1_362' title='bbox 471 3799 548 3870; x_wconf 90' lang='lat' dir='ltr'>loco</span> <span class='ocrx_word' id='word_1_363' title='bbox 564 3803 739 3873; x_wconf 85' lang='lat' dir='ltr'>admodum</span> <span class='ocrx_word' id='word_1_364' title='bbox 761 3800 945 3882; x_wconf 62' lang='lat' dir='ltr'>arctentur,</span> <span class='ocrx_word' id='word_1_365' title='bbox 960 3804 1011 3874; x_wconf 88' lang='lat' dir='ltr'>uri</span> <span class='ocrx_word' id='word_1_366' title='bbox 1026 3797 1152 3898; x_wconf 86' lang='lat' dir='ltr'>sanguis</span> <span class='ocrx_word' id='word_1_367' title='bbox 1165 3802 1198 3870; x_wconf 91' lang='lat' dir='ltr'>in</span> <span class='ocrx_word' id='word_1_368' title='bbox 1211 3733 1413 3898; x_wconf 78' lang='lat' dir='ltr'>capillaribus</span> <span class='ocrx_word' id='word_1_369' title='bbox 1423 3811 1565 3894; x_wconf 76' lang='lat' dir='ltr'>arteriis,</span> <span class='ocrx_word' id='word_1_370' title='bbox 1578 3831 1647 3880; x_wconf 86' lang='lat' dir='ltr'>curn</span> 
     </span>
     <span class='ocr_line' id='line_1_37' title="bbox 292 3889 1647 4079; baseline 0.009 -19"><span class='ocrx_word' id='word_1_371' title='bbox 292 3889 943 4079; x_wconf 48' lang='lat' dir='ltr'>iilius{liliati-:libili</span> <span class='ocrx_word' id='word_1_372' title='bbox 950 3899 1286 4063; x_wconf 48' lang='lat' dir='ltr'>liuhidi?</span> <span class='ocrx_word' id='word_1_373' title='bbox 1296 3902 1647 4072; x_wconf 56' lang='lat' dir='ltr'>iii‘ffifi‘mlrmi</span> 
     </span>
     <span class='ocr_line' id='line_1_38' title="bbox 294 4013 1651 4192; baseline 0.01 -40"><span class='ocrx_word' id='word_1_374' title='bbox 294 4087 405 4180; x_wconf 89' lang='lat' dir='ltr'>purior</span> <span class='ocrx_word' id='word_1_375' title='bbox 421 4084 569 4178; x_wconf 83' lang='lat' dir='ltr'>angustos</span> <span class='ocrx_word' id='word_1_376' title='bbox 585 4013 975 4177; x_wconf 62' lang='lat' dir='ltr'>membranardnlqurbus</span> <span class='ocrx_word' id='word_1_377' title='bbox 989 4087 1136 4157; x_wconf 85' lang='lat' dir='ltr'>intestina</span> <span class='ocrx_word' id='word_1_378' title='bbox 1149 4087 1315 4174; x_wconf 78' lang='lat' dir='ltr'>constant,</span> <span class='ocrx_word' id='word_1_379' title='bbox 1332 4112 1454 4161; x_wconf 78' lang='lat' dir='ltr'>mearua</span> <span class='ocrx_word' id='word_1_380' title='bbox 1477 4027 1651 4192; x_wconf 79' lang='lat' dir='ltr'>ubirepds·</span> 
     </span>
     <span class='ocr_line' id='line_1_39' title="bbox 295 4174 1648 4278; baseline 0.011 -30"><span class='ocrx_word' id='word_1_381' title='bbox 295 4179 345 4250; x_wconf 81' lang='lat' dir='ltr'>fit.</span> <span class='ocrx_word' id='word_1_382' title='bbox 390 4181 499 4273; x_wconf 78' lang='lat' dir='ltr'>Qare</span> <span class='ocrx_word' id='word_1_383' title='bbox 523 4174 637 4273; x_wconf 87' lang='lat' dir='ltr'>chylus</span> <span class='ocrx_word' id='word_1_384' title='bbox 654 4182 690 4247; x_wconf 89' lang='lat' dir='ltr'>in</span> <span class='ocrx_word' id='word_1_385' title='bbox 704 4177 853 4276; x_wconf 76' lang='lat' dir='ltr'>angustiis</span> <span class='ocrx_word' id='word_1_386' title='bbox 871 4201 1024 4275; x_wconf 80' lang='lat' dir='ltr'>rugarum</span> <span class='ocrx_word' id='word_1_387' title='bbox 1039 4205 1117 4278; x_wconf 84' lang='lat' dir='ltr'>quaa</span> <span class='ocrx_word' id='word_1_388' title='bbox 1129 4179 1322 4253; x_wconf 71' lang='lat' dir='ltr'>membrana</span> <span class='ocrx_word' id='word_1_389' title='bbox 1336 4186 1564 4261; x_wconf 81' lang='lat' dir='ltr'>intestinorum</span> <span class='ocrx_word' id='word_1_390' title='bbox 1579 4187 1648 4263; x_wconf 81' lang='lat' dir='ltr'>effi·</span> 
     </span>
     <span class='ocr_line' id='line_1_40' title="bbox 294 4274 1647 4385; baseline 0.004 -41"><span class='ocrx_word' id='word_1_391' title='bbox 294 4279 395 4359; x_wconf 87' lang='lat' dir='ltr'>ciunt,</span> <span class='ocrx_word' id='word_1_392' title='bbox 408 4275 546 4342; x_wconf 72' lang='lat' dir='ltr'>arciacus</span> <span class='ocrx_word' id='word_1_393' title='bbox 559 4296 688 4344; x_wconf 84' lang='lat' dir='ltr'>externa</span> <span class='ocrx_word' id='word_1_394' title='bbox 699 4280 853 4372; x_wconf 84' lang='lat' dir='ltr'>peritonei</span> <span class='ocrx_word' id='word_1_395' title='bbox 864 4274 1051 4347; x_wconf 84' lang='lat' dir='ltr'>membrana</span> <span class='ocrx_word' id='word_1_396' title='bbox 1063 4332 1074 4362; x_wconf 88' lang='lat'>,</span> <span class='ocrx_word' id='word_1_397' title='bbox 1086 4275 1304 4350; x_wconf 85' lang='lat' dir='ltr'>musculorum</span> <span class='ocrx_word' id='word_1_398' title='bbox 1320 4284 1440 4354; x_wconf 80' lang='lat' dir='ltr'>ventris</span> <span class='ocrx_word' id='word_1_399' title='bbox 1452 4290 1488 4356; x_wconf 78' lang='lat' dir='ltr'>dc</span> <span class='ocrx_word' id='word_1_400' title='bbox 1501 4283 1553 4355; x_wconf 85' lang='lat' dir='ltr'>dia</span> <span class='ocrx_word' id='word_1_401' title='bbox 1579 4310 1647 4385; x_wconf 71' lang='lat' dir='ltr'>rag.</span> 
     </span>
     <span class='ocr_line' id='line_1_41' title="bbox 294 4364 1635 4466; baseline 0.009 -27"><span class='ocrx_word' id='word_1_402' title='bbox 294 4375 389 4440; x_wconf 85' lang='lat' dir='ltr'>maris</span> <span class='ocrx_word' id='word_1_403' title='bbox 410 4364 594 4438; x_wconf 78' lang='lat' dir='ltr'>indesinenti</span> <span class='ocrx_word' id='word_1_404' title='bbox 605 4366 761 4466; x_wconf 79' lang='lat' dir='ltr'>preffronc</span> <span class='ocrx_word' id='word_1_405' title='bbox 773 4391 845 4464; x_wconf 85' lang='lat' dir='ltr'>eger</span> <span class='ocrx_word' id='word_1_406' title='bbox 854 4392 892 4441; x_wconf 76' lang='lat' dir='ltr'>rt</span> <span class='ocrx_word' id='word_1_407' title='bbox 906 4369 1003 4442; x_wconf 83' lang='lat' dir='ltr'>exiles</span> <span class='ocrx_word' id='word_1_408' title='bbox 1014 4369 1123 4449; x_wconf 84' lang='lat' dir='ltr'>subeat</span> <span class='ocrx_word' id='word_1_409' title='bbox 1142 4394 1265 4446; x_wconf 86' lang='lat' dir='ltr'>meatus</span> <span class='ocrx_word' id='word_1_410' title='bbox 1281 4430 1292 4463; x_wconf 97' lang='lat'>,</span> <span class='ocrx_word' id='word_1_411' title='bbox 1307 4373 1376 4447; x_wconf 84' lang='lat' dir='ltr'>sere</span> <span class='ocrx_word' id='word_1_412' title='bbox 1387 4397 1422 4448; x_wconf 84' lang='lat' dir='ltr'>ut</span> <span class='ocrx_word' id='word_1_413' title='bbox 1432 4378 1505 4450; x_wconf 85' lang='lat' dir='ltr'>inei</span> <span class='ocrx_word' id='word_1_414' title='bbox 1628 4385 1635 4400; x_wconf 89' lang='grc'><strong>’</strong></span> 
     </span>
     <span class='ocr_line' id='line_1_42' title="bbox 292 4461 1385 4566; baseline 0.011 -34"><span class='ocrx_word' id='word_1_415' title='bbox 292 4461 379 4565; x_wconf 79' lang='lat' dir='ltr'>pelle</span> <span class='ocrx_word' id='word_1_416' title='bbox 392 4466 573 4548; x_wconf 86' lang='lat' dir='ltr'>ceruimus,</span> <span class='ocrx_word' id='word_1_417' title='bbox 595 4488 669 4536; x_wconf 89' lang='lat' dir='ltr'>cum</span> <span class='ocrx_word' id='word_1_418' title='bbox 686 4462 800 4536; x_wconf 87' lang='lat' dir='ltr'>muscae</span> <span class='ocrx_word' id='word_1_419' title='bbox 816 4468 898 4541; x_wconf 83' lang='lat' dir='ltr'>inuer</span> <span class='ocrx_word' id='word_1_420' title='bbox 913 4492 1005 4566; x_wconf 78' lang='lat' dir='ltr'>rugas</span> <span class='ocrx_word' id='word_1_421' title='bbox 1023 4467 1207 4566; x_wconf 75' lang='lat' dir='ltr'>compressa:</span> <span class='ocrx_word' id='word_1_422' title='bbox 1218 4493 1385 4546; x_wconf 75' lang='lat' dir='ltr'>uocantur.</span> 
     </span>
    </p>

    <p class='ocr_par' dir='ltr' id='par_1_9' title="bbox 291 4559 1650 4762">
     <span class='ocr_line' id='line_1_43' title="bbox 343 4559 1649 4658; baseline 0.014 -26"><span class='ocrx_word' id='word_1_423' title='bbox 343 4564 420 4634; x_wconf 79' lang='lat' dir='ltr'>vn.</span> <span class='ocrx_word' id='word_1_424' title='bbox 462 4564 545 4658; x_wconf 76' lang='lat' dir='ltr'>Qae</span> <span class='ocrx_word' id='word_1_425' title='bbox 565 4561 718 4633; x_wconf 76' lang='lat' dir='ltr'>strudlura</span> <span class='ocrx_word' id='word_1_426' title='bbox 734 4586 801 4632; x_wconf 89' lang='lat' dir='ltr'>non</span> <span class='ocrx_word' id='word_1_427' title='bbox 821 4559 895 4634; x_wconf 81' lang='lat' dir='ltr'>solis</span> <span class='ocrx_word' id='word_1_428' title='bbox 907 4565 1086 4653; x_wconf 77' lang='lat' dir='ltr'>urrestinir,</span> <span class='ocrx_word' id='word_1_429' title='bbox 1102 4562 1153 4639; x_wconf 83' lang='lat' dir='ltr'>sed</span> <span class='ocrx_word' id='word_1_430' title='bbox 1172 4570 1212 4638; x_wconf 78' lang='lat' dir='ltr'>iic</span> <span class='ocrx_word' id='word_1_431' title='bbox 1233 4566 1385 4641; x_wconf 72' lang='lat' dir='ltr'>omnibus</span> <span class='ocrx_word' id='word_1_432' title='bbox 1410 4576 1649 4650; x_wconf 67' lang='lat' dir='ltr'>commonui</span> 
     </span>
     <span class='ocr_line' id='line_1_44' title="bbox 291 4653 1650 4762; baseline 0.01 -35"><span class='ocrx_word' id='word_1_433' title='bbox 291 4656 434 4750; x_wconf 87' lang='lat' dir='ltr'>parribus</span> <span class='ocrx_word' id='word_1_434' title='bbox 457 4681 528 4754; x_wconf 83' lang='lat' dir='ltr'>quae</span> <span class='ocrx_word' id='word_1_435' title='bbox 552 4656 621 4729; x_wconf 81' lang='lat' dir='ltr'>aliis</span> <span class='ocrx_word' id='word_1_436' title='bbox 638 4653 810 4730; x_wconf 85' lang='lat' dir='ltr'>inserviunt</span> <span class='ocrx_word' id='word_1_437' title='bbox 828 4682 894 4744; x_wconf 86' lang='lat' dir='ltr'>,ut</span> <span class='ocrx_word' id='word_1_438' title='bbox 923 4660 1040 4748; x_wconf 87' lang='lat' dir='ltr'>cordi,</span> <span class='ocrx_word' id='word_1_439' title='bbox 1058 4665 1217 4748; x_wconf 70' lang='lat' dir='ltr'>arteriis,</span> <span class='ocrx_word' id='word_1_440' title='bbox 1243 4662 1402 4750; x_wconf 88' lang='lat' dir='ltr'>cerebro,</span> <span class='ocrx_word' id='word_1_441' title='bbox 1431 4666 1650 4762; x_wconf 73' lang='lat' dir='ltr'>pulmonibus.</span> 
     </span>
    </p>
   </div>
   <div class='ocr_carea' id='block_1_5' title="bbox 294 4749 1645 4862">
    <p class='ocr_par' dir='ltr' id='par_1_10' title="bbox 294 4749 1645 4862">
     <span class='ocr_line' id='line_1_45' title="bbox 294 4749 1645 4862; baseline 0.018 -42"><span class='ocrx_word' id='word_1_442' title='bbox 294 4752 385 4830; x_wconf 78' lang='lat' dir='ltr'>Nam</span> <span class='ocrx_word' id='word_1_443' title='bbox 396 4757 433 4827; x_wconf 90' lang='lat' dir='ltr'>in</span> <span class='ocrx_word' id='word_1_444' title='bbox 443 4758 481 4829; x_wconf 83' lang='lat' dir='ltr'>iis</span> <span class='ocrx_word' id='word_1_445' title='bbox 498 4749 616 4832; x_wconf 81' lang='lat' dir='ltr'>finuofi</span> <span class='ocrx_word' id='word_1_446' title='bbox 627 4752 791 4858; x_wconf 68' lang='lat' dir='ltr'>ansrechu</span> <span class='ocrx_word' id='word_1_447' title='bbox 805 4753 986 4853; x_wconf 83' lang='lat' dir='ltr'>liquoribus</span> <span class='ocrx_word' id='word_1_448' title='bbox 1001 4758 1203 4833; x_wconf 76' lang='lat' dir='ltr'>murioeudis</span> <span class='ocrx_word' id='word_1_449' title='bbox 1216 4813 1230 4849; x_wconf 88' lang='lat'>,</span> <span class='ocrx_word' id='word_1_450' title='bbox 1257 4768 1292 4836; x_wconf 75' lang='lat' dir='ltr'>dc</span> <span class='ocrx_word' id='word_1_451' title='bbox 1314 4760 1455 4835; x_wconf 78' lang='lat' dir='ltr'>rorordir</span> <span class='ocrx_word' id='word_1_452' title='bbox 1465 4769 1570 4862; x_wconf 67' lang='lat' dir='ltr'>apori</span> <span class='ocrx_word' id='word_1_453' title='bbox 1581 4789 1645 4858; x_wconf 74' lang='lat' dir='ltr'>uer·⁴</span> 
     </span>
    </p>
   </div>
   <div class='ocr_carea' id='block_1_6' title="bbox 0 0 1831 5430">
    <p class='ocr_par' dir='ltr' id='par_1_11' title="bbox 0 0 1831 5430">
     <span class='ocr_line' id='line_1_46' title="bbox 0 0 1831 5430; baseline 0 0"><span class='ocrx_word' id='word_1_454' title='bbox 0 0 1831 5430; x_wconf 95' lang='lat' dir='ltr'> </span> 
     </span>
    </p>
   </div>
  </div>
 </body>
</html>
