3646 5430
360 321 690 404 ACADEMIAE
760 329 1096 407 HISTORIA.
1120 334 1267 415 havi.
1465 373 1524 435 703

165 425 210 500 'ris
229 422 376 498 conversa
392 429 449 500 est.
473 423 585 499 Primo
605 448 641 494 ut
662 426 803 496 distantia
819 451 970 522 portuum
986 433 1168 501 vicinorum
1179 433 1221 503 ab
1241 434 1300 503 hae
1318 431 1401 505 lineri
1423 441 1523 511 Meti.
1544 439 1657 529 Asta-

167 525 258 596 dianai
269 522 533 602 determinaretur
545 561 555 600 ,·
568 542 638 614 quae
657 519 914 616 navigationibus
933 523 1100 618 dirigendis
1113 525 1181 596 usui
1194 527 1279 600 foret
1300 586 1311 615 ,
1335 550 1405 600 ιιιιιι
1431 557 1465 601 ιιι
1490 540 1522 607 in
1541 557 1621 607 notri,

165 616 230 714 ipsa
244 616 360 687 littoris
373 615 504 713 planitie
516 620 626 708 ingens
646 613 820 685 sumeretur
846 613 925 686 basis
942 642 1012 710 quae
1034 617 1147 690 'alocis
1167 623 1383 693 determinatis
1405 628 1525 699 videre·

167 733 218 781 tut
232 769 242 798 ,
255 708 340 789 unde
354 709 454 808 pollet
466 719 533 802 ejus
549 710 719 805 longitudo
732 731 806 776 cum
821 734 876 805 pet
890 715 1109 782 continuatam
1131 715 1366 806 triangulorum
1384 715 1495 793 seriem
1509 780 1522 812 ,
1568 730 1570 734 ’

165 826 237 878 tum
256 829 311 901 per
323 802 495 901 bexapedas
508 806 690 874 immediate
703 796 875 873 mensurari
891 859 901 887 ,
921 814 989 900 quo
1003 806 1165 904 utriusque
1179 794 1268 879 ntbdi
1282 809 1447 882 consensus
1468 836 1526 888 ex·-

166 903 455 999 penderetut,tum
467 904 611 968 etiamut
625 897 713 967 locus
731 895 920 968 habitationi
935 922 1133 996 opportunus
1153 907 1276 998 quique
1297 929 1334 974 es
1361 906 1439 977 locis
1456 920 1527 1001 jam

167 992 303 1066 definitis
318 989 458 1088 conspici
472 989 594 1088 pollet,
612 991 790 1063 coelestibus
804 987 1078 1064 observationibus
1091 996 1223 1067 idoneus
1246 996 1426 1074 baberetur.
1459 1009 1525 1076 Lo.

168 1110 225 1159 cus
242 1089 441 1158 dimetiendae
458 1083 525 1158 basi
541 1088 787 1182 percommodus
810 1088 958 1157 inventus
979 1088 1078 1157 estad
1102 1091 1254 1162 Austrum
1273 1096 1383 1190 oppidi
1406 1100 1527 1168 leuca·

168 1203 228 1256 ιιι
243 1181 297 1253 ubi
314 1187 423 1280 ingens
434 1184 477 1252 est
493 1178 672 1274 planities&
689 1178 768 1249 locis
788 1173 1048 1266 sublimioribus,
1062 1208 1133 1276 quae
1148 1210 1202 1277 pet
1222 1188 1380 1282 triangula
1402 1189 1545 1263 suetaut‘

169 1274 641 1364 determinata,vissbilis,intet
653 1278 808 1344 terminos
826 1275 892 1344 ase
914 1279 1054 1345 invicem
1076 1275 1198 1350 dissitos
1220 1305 1315 1366 700⁰
1333 1291 1367 1354 dc
1390 1286 1529 1384 amplius

170 1371 349 1472 hexapedis.

186 1488 191 1496 ·
208 1484 211 1490 “
227 1472 317 1541 Cum
331 1487 439 1537 autem
464 1489 554 1538 terrae
568 1466 661 1564 ipsius
682 1465 857 1538 rotunditas
883 1520 893 1551 ,
919 1486 1068 1538 mutuum
1087 1469 1300 1540 terminorum
1323 1470 1529 1570 conspedium

170 1561 318 1648 atrebat,
338 1565 379 1631 eo
401 1560 556 1634 transsata
581 1558 652 1632 sunt
666 1555 817 1659 praecelsae
833 1559 961 1631 arbores
985 1617 994 1644 ,
1016 1562 1034 1631 ὲ
1064 1561 1182 1656 quibus
1201 1564 1386 1659 prospesius
1409 1592 1533 1662 pateret

174 1680 302 1728 mutuus
329 1658 347 1727 ὲ
373 1653 483 1727 dissitis
502 1656 582 1727 locis
603 1710 614 1739 ,
635 1657 692 1726 ubi
710 1653 802 1724 sasiae
818 1650 943 1726 fuerant
959 1651 1206 1727 observationes.
1244 1664 1376 1732 Horum
1411 1661 1549 1734 distam-

173 1758 217 1822 tla
234 1755 362 1848 perticis
374 1751 607 1823 accuratissime*
625 1744 765 1821 dimensa
779 1760 871 1844 7246
884 1747 1117 1846 hesapedatum
1133 1754 1262 1822 inventa
1277 1757 1322 1824 est
1345 1778 1354 1830 ι
1379 1756 1531 1827 ea'ndent·
1549 1768 1552 1773 “

190 1856 239 1916 'ue
258 1844 326 1915 fere
356 1846 588 1941 longitudinem
615 1842 849 1940 triangulorum
870 1841 962 1914 series
981 1848 1165 1935 continuata
1186 1844 1328 1942 praebuit.
1352 1854 1431 1946 Qo
1456 1856 1547 1944 qui.·

172 1872 246 2011 dem
268 1940 420 2038 praeclaro
436 1945 656 2038 experimento
670 1940 777 2038 palam
797 1938 858 2010 suit
883 1938 985 2035 quam
1006 1936 1087 2009 bene
1105 1935 1164 2010 sibi
1186 1934 1377 2014 consentiret
1392 1968 1472 2041 opus
1485 1949 1532 2043 ip·
1569 1988 1572 1993 ·

173 2033 243 2106 sum
257 2057 376 2108 totum.
1063 2058 1067 2064 ’

219 2134 295 2226 Jarn
308 2136 341 2199 in
358 2133 523 2226 pracipuis
534 2128 683 2218 urbibus,
697 2157 814 2233 nempe
829 2132 986 2217 Aurelia,
1003 2133 1172 2224 Biturigae,
1188 2133 1372 2224 Rusbenis,
1395 2129 1538 2231 Albiga,

176 2223 388 2307 Carcailone,
405 2229 608 2318 Perpiniani,
634 2234 668 2297 ιιι
697 2228 832 2298 aliatum
855 2283 865 2312 ,
889 2251 1027 2319 quarum
1053 2225 1189 2296 delinitae
1212 2226 1337 2301 fuerant
1363 2229 1539 2327 postiones
1580 2288 1583 2293 .

175 2345 232 2417 pet
248 2315 405 2413 triangula
424 2372 434 2402 ,
452 2318 665 2388 determinata
687 2320 757 2390 sunt
772 2320 950 2392 latitudines
974 2327 1006 2389 dr
1024 2319 1174 2388 distantiae
1197 2321 1218 2388 ὲ
1241 2324 1423 2394 Meridiano
1447 2329 1537 2395 Pari«

176 2409 286 2498 stensr,
308 2409 440 2508 sumptis
456 2408 589 2482 fixarum
605 2410 726 2485 &solis
751 2437 806 2512 pet
831 2436 946 2508 magna
972 2413 1177 2482 instrumenta
1193 2412 1413 2487 altitudinibus
1428 2422 1533 2487 Meti·

176 2511 287 2581 dianis.
330 2511 479 2577 Paratum
503 2504 606 2578 suerat
632 2514 663 2578 in
698 2533 771 2579 eam
796 2535 863 2579 rem
889 2516 993 2591 majus
1026 2508 1270 2578 instrumentum
1307 2519 1394 2600 cujus
1427 2506 1542 2582 radius

175 2626 243 2675 erat
259 2628 294 2675 ιο
314 2598 444 2696 pedum,
455 2601 546 2693 hujus
558 2626 619 2696 ope
635 2602 727 2673 fasiae
749 2602 819 2675 sunt
843 2602 1008 2700 postsemae
1024 2597 1258 2673 observationes
1280 2607 1313 2672 in
1330 2609 1452 2702 oppido
1468 2607 1535 2675 llli·

177 2698 245 2769 beri
258 2699 297 2766 ad
310 2697 397 2766 littus
417 2702 533 2780 rnaris,
549 2721 654 2792 eoque
667 2699 826 2769 stellarum
842 2698 967 2788 aliquot
985 2721 1085 2795 prope
1099 2701 1253 2768 verticem
1281 2697 1533 2785 transeuntium,

176 2816 214 2864 ut
231 2789 382 2889 capellae,
398 2786 556 2882 sequentis
575 2790 699 2863 humeri
719 2797 836 2889 aurigae
855 2793 1012 2883 ,Maioris
1026 2789 1126 2876 ursae,
1148 2800 1180 2863 dt
1204 2795 1295 2884 Lytae
1312 2790 1440 2889 sumpta
1464 2789 1535 2866 sunt

175 2888 384 2970 altitudines,
412 2907 550 2979 quatum
571 2891 674 2982 prima
700 2897 732 2959 δι
757 2887 870 2957 ultima
889 2886 928 2955 de
953 2889 1004 2957 die
1019 2886 1193 2958 commode*
1217 2883 1434 2960 observantur.
1471 2893 1539 2959 Ηιι·

177 2983 310 3075 quidem
335 2980 461 3050 collatae
483 3004 557 3049 curn
577 2979 647 3049 aliis
665 2982 863 3053 eorumdem
888 2976 1022 3050 siderum
1044 2978 1318 3053 observationibus
1344 3006 1417 3050 cum
1442 2983 1462 3054 a
1487 2987 1533 3057 D.

179 3075 310 3148 Celsino
323 3132 333 3161 ,
347 3098 419 3145 tum
438 3077 459 3144 ai
475 3079 518 3146 D.
531 3075 571 3146 de
586 3073 615 3142 la
629 3081 712 3148 Hire
724 3083 758 3147 in
776 3079 885 3173 Regio
901 3071 1133 3146 Observatatio
1146 3075 1281 3162 habitis,
1294 3077 1406 3170 exigui
1421 3080 1537 3147 reduc«

177 3176 265 3243 tione
280 3168 392 3255 faus,
410 3169 622 3239 differentiam
641 3169 815 3242 latitudinis
829 3165 1029 3267 praebuerunt
1046 3175 1286 3264 ogt.18,min·
1304 3172 1342 3238 ad
1352 3171 1538 3243 distantiam

175 3262 405 3364 parallelorum
423 3283 510 3348 3⁶00
530 3292 576 3354 90
596 3260 842 3362 hetapedatum.
880 3263 978 3332 Unde
1001 3263 1130 3358 singulis
1146 3262 1293 3360 gradibus
1317 3319 1329 3350 ,
1352 3261 1374 3332 fi
1401 3268 1539 3362 quidem·

175 3360 289 3457 gradus
306 3355 479 3452 superficiei
493 3378 583 3425 terrae
598 3352 654 3425 fibi
668 3362 806 3426 invicem
820 3355 890 3423 sunt
902 3355 1040 3448 aequales
1057 3409 1067 3437 ,
1082 3355 1249 3450 beuapedae
1265 3410 1275 3440 ,
1298 3383 1390 3451 57157
1410 3360 1534 3430 tribue.

177 3475 286 3524 tentut
299 3507 309 3536 ,
324 3449 406 3519 salva
419 3448 603 3519 redusltione
619 3448 761 3519 facienda
778 3448 821 3516 ob
836 3449 1084 3540 inaequalitatem
1099 3453 1272 3524 montium,
1291 3473 1345 3543 pet
1360 3457 1537 3542 quesitum

178 3549 235 3618 esi.
267 3549 314 3616 D.
339 3544 450 3615 Picatd
471 3546 505 3610 in
529 3566 609 3636 agro
631 3539 790 3614 Parifienst
810 3554 918 3630 57060
937 3540 1111 3634 bexapedas
1135 3544 1190 3608 uni
1209 3542 1321 3634 gradui
1350 3540 1534 3631 tribuerat,

176 3643 261 3714 adeo
273 3664 308 3711 ιιι
326 3633 494 3707 discrimen
514 3632 551 3705 stt
567 3662 602 3725 93
627 3635 779 3731 hexaped.
796 3632 912 3728 quibus
925 3640 977 3702 vix
991 3632 1144 3704 debentur
1165 3628 1216 3701 sex
1238 3630 1384 3730 scrupula
1402 3635 1537 3708 secunda

179 3742 272 3806 unius
285 3731 399 3832 gradus
411 3735 443 3800 in
458 3725 599 3824 utrisque
616 3727 888 3800 observationibus
899 3733 980 3800 intct
991 3725 1021 3798 se
1032 3725 1242 3823 collatis,quae
1255 3733 1353 3800 etiam
1366 3734 1400 3802 in
1412 3737 1538 3830 magnis

178 3831 394 3902 instrumentis
406 3830 459 3895 vix
473 3821 542 3895 sunt
554 3821 718 3897 sensibilia.

222 3925 286 3994 Sed
309 3945 380 4019 quae
397 3921 496 3990 dusia
511 3921 554 3989 est
571 3919 883 4006 suessulanum,
907 3917 1016 3990 transit
1030 3943 1085 4013 per
1113 3918 1250 4014 plurima
1273 3919 1344 3989 loca
1361 3923 1456 3993 maris
1481 3916 1534 3990 su-

179 4017 307 4121 petficie
333 4016 439 4087 multo
463 4014 577 4084 altidra
603 4015 625 4099 ‚'
643 4019 744 4109 quam
773 4040 842 4108 quae
869 4017 953 4086 aD.
973 4011 1088 4086 Picard
1111 4015 1205 4082 dudia
1234 4010 1295 4081 suit
1318 4040 1417 4112 prope
1435 4017 1534 4085 Lutt-

180 4124 272 4190 tiam.
308 4119 476 4209 Qtantum
509 4104 606 4177 essent
634 4115 714 4179 mari
739 4108 850 4179 altiora
876 4107 1080 4202 exploratum
1109 4108 1171 4177 suit
1209 4131 1284 4178 cum
1324 4112 1540 4178 Geometticis-

181 4207 446 4310 operationibus,
468 4226 538 4275 tum
556 4227 610 4300 pet
636 4203 836 4275 altitudinem
857 4203 1046 4300 hydrargyti
1070 4224 1289 4300 comparatam
1306 4227 1379 4273 cum
1401 4203 1438 4271 ιιι
1464 4226 1539 4295 quae·

181 4331 253 4378 tum
295 4304 448 4399 temporis
487 4320 555 4369 erat
593 4303 626 4368 in
665 4305 762 4369 maris
797 4297 939 4381 littore,
967 4320 1003 4367 ut
1032 4293 1196 4395 utriusque
1228 4301 1309 4368 ratio
1341 4295 1539 4382 baberetur,

181 4399 398 4496 quorumdam
419 4417 527 4466 autem
551 4398 713 4466 montium
736 4394 915 4467 altitudines
926 4395 1068 4465 iuventae
1086 4389 1157 4464 sunt
1176 4419 1267 4476 1400
1283 4391 1460 4490 bexopcdas
1479 4413 1535 4460 es·
1572 4416 1575 4420 ·

186 4498 310 4576 cedere.

227 4594 529 4688 Eaiutiumquoque
541 4583 605 4656 boc
618 4590 871 4685 experimentum
884 4583 1009 4657 sedium
1021 4583 1079 4673 ιιι,
1092 4578 1258 4656 consensus
1274 4584 1427 4652 nimirum
1440 4582 1495 4652 du·
1513 4612 1537 4646 t·

1196 4681 1327 4778 Gasu
1350 4679 1373 4771 ι’
