<?xml version="1.0" encoding="UTF-8"?>
<!DOCTYPE html PUBLIC "-//W3C//DTD XHTML 1.0 Transitional//EN"
    "http://www.w3.org/TR/xhtml1/DTD/xhtml1-transitional.dtd">
<html xmlns="http://www.w3.org/1999/xhtml" xml:lang="en" lang="en">
 <head>
  <title>
</title>
<meta http-equiv="Content-Type" content="text/html;charset=utf-8" />
  <meta name='ocr-system' content='tesseract 3.04.00' />
  <meta name='ocr-capabilities' content='ocr_page ocr_carea ocr_par ocr_line ocrx_word'/>
</head>
<body>
  <div class='ocr_page' id='page_1' title='image "./historia00hamegoog_0506.png"; bbox 0 0 3646 5430; ppageno 0'>
   <div class='ocr_carea' id='block_1_1' title="bbox 132 357 1704 4396">
    <p class='ocr_par' dir='ltr' id='par_1_1' title="bbox 162 357 1667 564">
     <span class='ocr_line' id='line_1_1' title="bbox 435 357 1543 461; baseline 0 -19"><span class='ocrx_word' id='word_1_1' title='bbox 435 371 757 444; x_wconf 69' lang='lat' dir='ltr'>Acaunum</span> <span class='ocrx_word' id='word_1_2' title='bbox 815 357 1333 445; x_wconf 75' lang='lat' dir='ltr'>H15TOR1A.&#39;Ln.v.</span> <span class='ocrx_word' id='word_1_3' title='bbox 1478 384 1543 461; x_wconf 70' lang='lat'>493</span> 
     </span>
     <span class='ocr_line' id='line_1_2' title="bbox 162 448 1667 564; baseline -0.004 -28"><span class='ocrx_word' id='word_1_4' title='bbox 162 467 255 537; x_wconf 73' lang='lat' dir='ltr'>ritui</span> <span class='ocrx_word' id='word_1_5' title='bbox 273 461 399 536; x_wconf 81' lang='lat' dir='ltr'>volatili</span> <span class='ocrx_word' id='word_1_6' title='bbox 412 460 480 536; x_wconf 88' lang='lat' dir='ltr'>salis</span> <span class='ocrx_word' id='word_1_7' title='bbox 496 468 727 553; x_wconf 80' lang='lat' dir='ltr'>Ammoniaci,</span> <span class='ocrx_word' id='word_1_8' title='bbox 747 490 809 562; x_wconf 66' lang='lat' dir='ltr'>que</span> <span class='ocrx_word' id='word_1_9' title='bbox 827 469 859 533; x_wconf 92' lang='lat' dir='ltr'>in</span> <span class='ocrx_word' id='word_1_10' title='bbox 880 461 990 564; x_wconf 91' lang='lat' dir='ltr'>spiritu</span> <span class='ocrx_word' id='word_1_11' title='bbox 1003 461 1071 536; x_wconf 88' lang='lat' dir='ltr'>salis</span> <span class='ocrx_word' id='word_1_12' title='bbox 1085 467 1250 562; x_wconf 81' lang='lat' dir='ltr'>reperitur.</span> <span class='ocrx_word' id='word_1_13' title='bbox 1550 448 1667 546; x_wconf 65' lang='lat' dir='ltr'>myst,</span> 
     </span>
    </p>

    <p class='ocr_par' dir='ltr' id='par_1_2' title="bbox 164 554 1597 1428">
     <span class='ocr_line' id='line_1_3' title="bbox 227 554 1597 658; baseline 0.001 -28"><span class='ocrx_word' id='word_1_14' title='bbox 227 565 299 632; x_wconf 77' lang='lat' dir='ltr'>XI.</span> <span class='ocrx_word' id='word_1_15' title='bbox 311 561 411 658; x_wconf 83' lang='lat' dir='ltr'>Qud</span> <span class='ocrx_word' id='word_1_16' title='bbox 424 559 1095 658; x_wconf 83' lang='lat' dir='ltr'>auremspiriturnvitrioliattiner,constat</span> <span class='ocrx_word' id='word_1_17' title='bbox 1116 582 1192 630; x_wconf 89' lang='lat' dir='ltr'>eum</span> <span class='ocrx_word' id='word_1_18' title='bbox 1212 559 1396 635; x_wconf 85' lang='lat' dir='ltr'>crailiorem</span> <span class='ocrx_word' id='word_1_19' title='bbox 1415 554 1476 630; x_wconf 74' lang='lat' dir='ltr'>cll‘c</span> <span class='ocrx_word' id='word_1_20' title='bbox 1500 564 1534 632; x_wconf 81' lang='lat' dir='ltr'>dr</span> <span class='ocrx_word' id='word_1_21' title='bbox 1548 568 1597 622; x_wconf 76' lang='lat' dir='ltr'>c⁴·</span> 
     </span>
     <span class='ocr_line' id='line_1_4' title="bbox 164 651 1537 757; baseline -0.003 -30"><span class='ocrx_word' id='word_1_22' title='bbox 164 661 360 757; x_wconf 81' lang='lat' dir='ltr'>graviorem</span> <span class='ocrx_word' id='word_1_23' title='bbox 379 651 491 752; x_wconf 87' lang='lat' dir='ltr'>spiriru</span> <span class='ocrx_word' id='word_1_24' title='bbox 507 662 603 745; x_wconf 89' lang='lat' dir='ltr'>nitri,</span> <span class='ocrx_word' id='word_1_25' title='bbox 618 680 674 727; x_wconf 83' lang='lat' dir='ltr'>aut</span> <span class='ocrx_word' id='word_1_26' title='bbox 686 652 754 727; x_wconf 85' lang='lat' dir='ltr'>salis</span> <span class='ocrx_word' id='word_1_27' title='bbox 771 682 780 727; x_wconf 76' lang='grc' dir='ltr'><strong><em>ε</em></strong></span> <span class='ocrx_word' id='word_1_28' title='bbox 797 652 953 752; x_wconf 79' lang='lat' dir='ltr'>squidem</span> <span class='ocrx_word' id='word_1_29' title='bbox 966 654 1050 744; x_wconf 80' lang='lat' dir='ltr'>sale,</span> <span class='ocrx_word' id='word_1_30' title='bbox 1068 676 1123 727; x_wconf 85' lang='lat' dir='ltr'>aut</span> <span class='ocrx_word' id='word_1_31' title='bbox 1136 659 1222 727; x_wconf 90' lang='lat' dir='ltr'>nitro</span> <span class='ocrx_word' id='word_1_32' title='bbox 1235 662 1268 728; x_wconf 92' lang='lat' dir='ltr'>in</span> <span class='ocrx_word' id='word_1_33' title='bbox 1289 655 1311 728; x_wconf 98' lang='lat' dir='ltr'>s</span> <span class='ocrx_word' id='word_1_34' title='bbox 1326 662 1400 730; x_wconf 92' lang='lat' dir='ltr'>iritu</span> <span class='ocrx_word' id='word_1_35' title='bbox 1413 652 1537 726; x_wconf 86' lang='lat' dir='ltr'>virrioli</span> 
     </span>
     <span class='ocr_line' id='line_1_5' title="bbox 165 685 1535 851; baseline -0.003 -27"><span class='ocrx_word' id='word_1_36' title='bbox 165 749 343 840; x_wconf 84' lang='lat' dir='ltr'>exsoluto,</span> <span class='ocrx_word' id='word_1_37' title='bbox 356 749 481 849; x_wconf 87' lang='lat' dir='ltr'>spiritus</span> <span class='ocrx_word' id='word_1_38' title='bbox 493 759 568 823; x_wconf 86' lang='lat' dir='ltr'>nitri</span> <span class='ocrx_word' id='word_1_39' title='bbox 581 810 592 841; x_wconf 91' lang='lat'><strong>,</strong></span> <span class='ocrx_word' id='word_1_40' title='bbox 607 774 661 824; x_wconf 85' lang='lat' dir='ltr'>aut</span> <span class='ocrx_word' id='word_1_41' title='bbox 677 751 768 840; x_wconf 91' lang='lat' dir='ltr'>salis,</span> <span class='ocrx_word' id='word_1_42' title='bbox 783 776 839 850; x_wconf 89' lang='lat' dir='ltr'>per</span> <span class='ocrx_word' id='word_1_43' title='bbox 857 749 1095 824; x_wconf 84' lang='lat' dir='ltr'>distillationem</span> <span class='ocrx_word' id='word_1_44' title='bbox 1105 750 1283 840; x_wconf 81' lang='lat' dir='ltr'>attollitur,</span> <span class='ocrx_word' id='word_1_45' title='bbox 1298 685 1407 851; x_wconf 79' lang='lat' dir='ltr'>spiritu</span> <span class='ocrx_word' id='word_1_46' title='bbox 1418 755 1535 823; x_wconf 74' lang='lat' dir='ltr'>vituio-</span> 
     </span>
     <span class='ocr_line' id='line_1_6' title="bbox 171 841 1537 948; baseline -0.005 -26"><span class='ocrx_word' id='word_1_47' title='bbox 171 847 256 922; x_wconf 84' lang='lat' dir='ltr'>iiin</span> <span class='ocrx_word' id='word_1_48' title='bbox 273 852 343 918; x_wconf 91' lang='lat' dir='ltr'>imo</span> <span class='ocrx_word' id='word_1_49' title='bbox 357 841 435 917; x_wconf 87' lang='lat' dir='ltr'>vafis</span> <span class='ocrx_word' id='word_1_50' title='bbox 456 871 651 921; x_wconf 75' lang='lat' dir='ltr'>remanente.</span> <span class='ocrx_word' id='word_1_51' title='bbox 691 844 915 942; x_wconf 78' lang='lat' dir='ltr'>Qamobrem</span> <span class='ocrx_word' id='word_1_52' title='bbox 940 854 1060 919; x_wconf 89' lang='lat' dir='ltr'>mirum</span> <span class='ocrx_word' id='word_1_53' title='bbox 1079 871 1145 917; x_wconf 91' lang='lat' dir='ltr'>non</span> <span class='ocrx_word' id='word_1_54' title='bbox 1161 846 1248 918; x_wconf 88' lang='lat' dir='ltr'>estsi</span> <span class='ocrx_word' id='word_1_55' title='bbox 1270 845 1395 948; x_wconf 79' lang='lat' dir='ltr'>spiritus</span> <span class='ocrx_word' id='word_1_56' title='bbox 1413 847 1537 919; x_wconf 72' lang='lat' dir='ltr'>aurioli</span> 
     </span>
     <span class='ocr_line' id='line_1_7' title="bbox 172 939 1538 1041; baseline -0.002 -24"><span class='ocrx_word' id='word_1_57' title='bbox 172 944 308 1017; x_wconf 87' lang='lat' dir='ltr'>acidum</span> <span class='ocrx_word' id='word_1_58' title='bbox 324 939 424 1013; x_wconf 77' lang='lat' dir='ltr'>salise</span> <span class='ocrx_word' id='word_1_59' title='bbox 438 948 524 1040; x_wconf 88' lang='lat' dir='ltr'>poris</span> <span class='ocrx_word' id='word_1_60' title='bbox 537 944 632 1016; x_wconf 85' lang='lat' dir='ltr'>calcis</span> <span class='ocrx_word' id='word_1_61' title='bbox 649 945 794 1016; x_wconf 76' lang='lat' dir='ltr'>extrudat</span> <span class='ocrx_word' id='word_1_62' title='bbox 813 950 872 1031; x_wconf 76' lang='grc' dir='ltr'>,δι</span> <span class='ocrx_word' id='word_1_63' title='bbox 890 966 965 1013; x_wconf 89' lang='lat' dir='ltr'>cum</span> <span class='ocrx_word' id='word_1_64' title='bbox 984 944 1079 1016; x_wconf 87' lang='lat' dir='ltr'>calcis</span> <span class='ocrx_word' id='word_1_65' title='bbox 1107 943 1268 1041; x_wconf 74' lang='lat' dir='ltr'>particulis</span> <span class='ocrx_word' id='word_1_66' title='bbox 1286 943 1395 1015; x_wconf 86' lang='lat' dir='ltr'>mistus</span> <span class='ocrx_word' id='word_1_67' title='bbox 1421 967 1538 1040; x_wconf 82' lang='lat' dir='ltr'>corpus</span> 
     </span>
     <span class='ocr_line' id='line_1_8' title="bbox 176 1034 1544 1138; baseline -0.001 -27"><span class='ocrx_word' id='word_1_68' title='bbox 176 1036 299 1111; x_wconf 88' lang='lat' dir='ltr'>efficiat</span> <span class='ocrx_word' id='word_1_69' title='bbox 312 1042 438 1136; x_wconf 83' lang='lat' dir='ltr'>gravius</span> <span class='ocrx_word' id='word_1_70' title='bbox 448 1064 546 1135; x_wconf 87' lang='lat' dir='ltr'>quarn</span> <span class='ocrx_word' id='word_1_71' title='bbox 560 1063 635 1110; x_wconf 89' lang='lat' dir='ltr'>ante</span> <span class='ocrx_word' id='word_1_72' title='bbox 647 1037 928 1138; x_wconf 83' lang='lat' dir='ltr'>coagulationem,</span> <span class='ocrx_word' id='word_1_73' title='bbox 948 1037 1040 1110; x_wconf 87' lang='lat' dir='ltr'>fimul</span> <span class='ocrx_word' id='word_1_74' title='bbox 1054 1047 1088 1111; x_wconf 81' lang='lat' dir='ltr'>dt</span> <span class='ocrx_word' id='word_1_75' title='bbox 1106 1043 1392 1138; x_wconf 81' lang='lat' dir='ltr'>praecipitationem</span> <span class='ocrx_word' id='word_1_76' title='bbox 1407 1034 1544 1124; x_wconf 59' lang='lat' dir='ltr'>efficiat,</span> 
     </span>
     <span class='ocr_line' id='line_1_9' title="bbox 177 1132 1541 1238; baseline -0.005 -28"><span class='ocrx_word' id='word_1_77' title='bbox 177 1144 216 1210; x_wconf 76' lang='lat' dir='ltr'>dt</span> <span class='ocrx_word' id='word_1_78' title='bbox 228 1133 326 1206; x_wconf 85' lang='lat' dir='ltr'>calcis</span> <span class='ocrx_word' id='word_1_79' title='bbox 344 1132 517 1205; x_wconf 87' lang='lat' dir='ltr'>moleculas</span> <span class='ocrx_word' id='word_1_80' title='bbox 530 1133 677 1206; x_wconf 90' lang='lat' dir='ltr'>deorsum</span> <span class='ocrx_word' id='word_1_81' title='bbox 690 1134 800 1230; x_wconf 84' lang='lat' dir='ltr'>pellat:</span> <span class='ocrx_word' id='word_1_82' title='bbox 815 1158 874 1205; x_wconf 91' lang='lat' dir='ltr'>nec</span> <span class='ocrx_word' id='word_1_83' title='bbox 884 1134 969 1206; x_wconf 87' lang='lat' dir='ltr'>forte</span> <span class='ocrx_word' id='word_1_84' title='bbox 982 1137 1050 1206; x_wconf 83' lang='lat' dir='ltr'>tam</span> <span class='ocrx_word' id='word_1_85' title='bbox 1062 1135 1194 1206; x_wconf 78' lang='lat' dir='ltr'>idoneus</span> <span class='ocrx_word' id='word_1_86' title='bbox 1209 1136 1254 1207; x_wconf 87' lang='lat' dir='ltr'>est</span> <span class='ocrx_word' id='word_1_87' title='bbox 1267 1134 1391 1238; x_wconf 84' lang='lat' dir='ltr'>spiritur</span> <span class='ocrx_word' id='word_1_88' title='bbox 1404 1132 1541 1220; x_wconf 67' lang='lat' dir='ltr'>vitrioli;</span> 
     </span>
     <span class='ocr_line' id='line_1_10' title="bbox 177 1226 1541 1330; baseline -0.004 -26"><span class='ocrx_word' id='word_1_89' title='bbox 177 1236 238 1330; x_wconf 84' lang='lat' dir='ltr'>qni</span> <span class='ocrx_word' id='word_1_90' title='bbox 255 1250 359 1328; x_wconf 89' lang='lat' dir='ltr'>partes</span> <span class='ocrx_word' id='word_1_91' title='bbox 379 1227 473 1299; x_wconf 89' lang='lat' dir='ltr'>calcis</span> <span class='ocrx_word' id='word_1_92' title='bbox 489 1230 650 1302; x_wconf 79' lang='lat' dir='ltr'>dissolutas</span> <span class='ocrx_word' id='word_1_93' title='bbox 668 1229 790 1316; x_wconf 85' lang='lat' dir='ltr'>servet,</span> <span class='ocrx_word' id='word_1_94' title='bbox 803 1235 904 1327; x_wconf 76' lang='lat' dir='ltr'>quarn</span> <span class='ocrx_word' id='word_1_95' title='bbox 923 1227 1048 1330; x_wconf 89' lang='lat' dir='ltr'>spiritus</span> <span class='ocrx_word' id='word_1_96' title='bbox 1063 1226 1133 1301; x_wconf 88' lang='lat' dir='ltr'>salis</span> <span class='ocrx_word' id='word_1_97' title='bbox 1150 1264 1161 1320; x_wconf 63' lang='grc' dir='ltr'><strong>ς</strong></span> <span class='ocrx_word' id='word_1_98' title='bbox 1180 1254 1239 1302; x_wconf 89' lang='lat' dir='ltr'>nec</span> <span class='ocrx_word' id='word_1_99' title='bbox 1254 1229 1327 1303; x_wconf 86' lang='lat' dir='ltr'>satis</span> <span class='ocrx_word' id='word_1_100' title='bbox 1344 1231 1409 1305; x_wconf 62' lang='lat' dir='ltr'>alte*</span> <span class='ocrx_word' id='word_1_101' title='bbox 1422 1235 1454 1301; x_wconf 91' lang='lat' dir='ltr'>in</span> <span class='ocrx_word' id='word_1_102' title='bbox 1471 1237 1541 1326; x_wconf 79' lang='lat' dir='ltr'>ejus</span> 
     </span>
     <span class='ocr_line' id='line_1_11' title="bbox 177 1321 1544 1428; baseline -0.002 -30"><span class='ocrx_word' id='word_1_103' title='bbox 177 1350 279 1428; x_wconf 88' lang='lat' dir='ltr'>poros</span> <span class='ocrx_word' id='word_1_104' title='bbox 292 1321 322 1395; x_wconf 87' lang='lat' dir='ltr'>se</span> <span class='ocrx_word' id='word_1_105' title='bbox 338 1322 495 1396; x_wconf 78' lang='lat' dir='ltr'>insinnare</span> <span class='ocrx_word' id='word_1_106' title='bbox 513 1327 626 1424; x_wconf 82' lang='lat' dir='ltr'>potest.</span> <span class='ocrx_word' id='word_1_107' title='bbox 663 1329 799 1426; x_wconf 84' lang='lat' dir='ltr'>Spiritus</span> <span class='ocrx_word' id='word_1_108' title='bbox 818 1323 887 1397; x_wconf 82' lang='lat' dir='ltr'>salis</span> <span class='ocrx_word' id='word_1_109' title='bbox 914 1351 986 1397; x_wconf 88' lang='lat' dir='ltr'>earn</span> <span class='ocrx_word' id='word_1_110' title='bbox 1008 1326 1137 1398; x_wconf 84' lang='lat' dir='ltr'>dellnrit</span> <span class='ocrx_word' id='word_1_111' title='bbox 1163 1326 1422 1424; x_wconf 79' lang='lat' dir='ltr'>coagulationem</span> <span class='ocrx_word' id='word_1_112' title='bbox 1439 1328 1544 1423; x_wconf 85' lang='lat' dir='ltr'>quam</span> 
     </span>
    </p>

    <p class='ocr_par' dir='ltr' id='par_1_3' title="bbox 132 1418 1724 2097">
     <span class='ocr_line' id='line_1_12' title="bbox 132 1418 1542 1521; baseline -0.004 -27"><span class='ocrx_word' id='word_1_113' title='bbox 132 1473 135 1484; x_wconf 80' lang='lat'><strong>·</strong></span> <span class='ocrx_word' id='word_1_114' title='bbox 176 1419 289 1495; x_wconf 80' lang='lat' dir='ltr'>effecit</span> <span class='ocrx_word' id='word_1_115' title='bbox 300 1423 408 1493; x_wconf 88' lang='lat' dir='ltr'>oleum</span> <span class='ocrx_word' id='word_1_116' title='bbox 422 1427 531 1492; x_wconf 87' lang='lat' dir='ltr'>tartari</span> <span class='ocrx_word' id='word_1_117' title='bbox 546 1449 555 1493; x_wconf 83' lang='lat' dir='ltr'>r</span> <span class='ocrx_word' id='word_1_118' title='bbox 568 1421 678 1492; x_wconf 89' lang='lat' dir='ltr'>oleum</span> <span class='ocrx_word' id='word_1_119' title='bbox 695 1425 781 1491; x_wconf 88' lang='lat' dir='ltr'>enim</span> <span class='ocrx_word' id='word_1_120' title='bbox 795 1426 907 1493; x_wconf 88' lang='lat' dir='ltr'>tartari</span> <span class='ocrx_word' id='word_1_121' title='bbox 925 1443 1094 1521; x_wconf 88' lang='lat' dir='ltr'>penetrans</span> <span class='ocrx_word' id='word_1_122' title='bbox 1110 1418 1202 1492; x_wconf 85' lang='lat' dir='ltr'>fimul</span> <span class='ocrx_word' id='word_1_123' title='bbox 1225 1420 1320 1493; x_wconf 87' lang='lat' dir='ltr'>calcis</span> <span class='ocrx_word' id='word_1_124' title='bbox 1342 1446 1447 1521; x_wconf 83' lang='lat' dir='ltr'>partes</span> <span class='ocrx_word' id='word_1_125' title='bbox 1463 1444 1542 1492; x_wconf 89' lang='lat' dir='ltr'>coa·</span> 
     </span>
     <span class='ocr_line' id='line_1_13' title="bbox 178 1511 1704 1617; baseline 0 -29"><span class='ocrx_word' id='word_1_126' title='bbox 178 1518 307 1617; x_wconf 84' lang='lat' dir='ltr'>gulatas</span> <span class='ocrx_word' id='word_1_127' title='bbox 324 1511 551 1601; x_wconf 81' lang='lat' dir='ltr'>dissolvit,sed</span> <span class='ocrx_word' id='word_1_128' title='bbox 566 1513 954 1616; x_wconf 71' lang='lat' dir='ltr'>dissolutionemaspnitu</span> <span class='ocrx_word' id='word_1_129' title='bbox 978 1517 1099 1589; x_wconf 86' lang='lat' dir='ltr'>vitrioli</span> <span class='ocrx_word' id='word_1_130' title='bbox 1119 1513 1241 1587; x_wconf 65' lang='lat' dir='ltr'>fudam</span> <span class='ocrx_word' id='word_1_131' title='bbox 1264 1541 1331 1588; x_wconf 90' lang='lat' dir='ltr'>non</span> <span class='ocrx_word' id='word_1_132' title='bbox 1356 1542 1437 1617; x_wconf 81' lang='lat' dir='ltr'>expu</span> <span class='ocrx_word' id='word_1_133' title='bbox 1462 1537 1542 1601; x_wconf 86' lang='lat' dir='ltr'>nat,</span> <span class='ocrx_word' id='word_1_134' title='bbox 1598 1593 1601 1599; x_wconf 59' lang='grc'><strong>,</strong></span> <span class='ocrx_word' id='word_1_135' title='bbox 1701 1519 1704 1527; x_wconf 74' lang='lat'><em>&#39;</em></span> 
     </span>
     <span class='ocr_line' id='line_1_14' title="bbox 132 1543 1545 1728; baseline -0.004 -41"><span class='ocrx_word' id='word_1_136' title='bbox 132 1637 134 1674; x_wconf 68' lang='lat'>³</span> <span class='ocrx_word' id='word_1_137' title='bbox 178 1637 288 1710; x_wconf 89' lang='lat' dir='ltr'>neque</span> <span class='ocrx_word' id='word_1_138' title='bbox 306 1612 399 1684; x_wconf 88' lang='lat' dir='ltr'>illum</span> <span class='ocrx_word' id='word_1_139' title='bbox 410 1612 428 1684; x_wconf 76' lang='grc' dir='ltr'>ὲ</span> <span class='ocrx_word' id='word_1_140' title='bbox 441 1619 527 1710; x_wconf 90' lang='lat' dir='ltr'>poris</span> <span class='ocrx_word' id='word_1_141' title='bbox 540 1612 635 1686; x_wconf 82' lang='lat' dir='ltr'>calcis</span> <span class='ocrx_word' id='word_1_142' title='bbox 652 1613 754 1712; x_wconf 85' lang='lat' dir='ltr'>potest</span> <span class='ocrx_word' id='word_1_143' title='bbox 766 1615 953 1701; x_wconf 83' lang='lat' dir='ltr'>extrudere,</span> <span class='ocrx_word' id='word_1_144' title='bbox 974 1615 1063 1710; x_wconf 86' lang='lat' dir='ltr'>quod</span> <span class='ocrx_word' id='word_1_145' title='bbox 1075 1612 1201 1728; x_wconf 83' lang='lat' dir='ltr'>spiritus</span> <span class='ocrx_word' id='word_1_146' title='bbox 1218 1612 1339 1686; x_wconf 79' lang='lat' dir='ltr'>vitrioli</span> <span class='ocrx_word' id='word_1_147' title='bbox 1357 1543 1485 1686; x_wconf 64' lang='lat' dir='ltr'>craslrgot</span> <span class='ocrx_word' id='word_1_148' title='bbox 1505 1609 1545 1682; x_wconf 83' lang='lat' dir='ltr'>sit</span> 
     </span>
     <span class='ocr_line' id='line_1_15' title="bbox 179 1705 1593 1806; baseline -0.002 -24"><span class='ocrx_word' id='word_1_149' title='bbox 179 1717 218 1782; x_wconf 77' lang='lat' dir='ltr'>dc</span> <span class='ocrx_word' id='word_1_150' title='bbox 236 1707 417 1806; x_wconf 75' lang='lat' dir='ltr'>graviot3s</span> <span class='ocrx_word' id='word_1_151' title='bbox 432 1712 522 1778; x_wconf 88' lang='lat' dir='ltr'>iritus</span> <span class='ocrx_word' id='word_1_152' title='bbox 548 1732 656 1782; x_wconf 89' lang='lat' dir='ltr'>tamen</span> <span class='ocrx_word' id='word_1_153' title='bbox 680 1707 750 1780; x_wconf 88' lang='lat' dir='ltr'>salis</span> <span class='ocrx_word' id='word_1_154' title='bbox 775 1734 849 1784; x_wconf 90' lang='lat' dir='ltr'>cum</span> <span class='ocrx_word' id='word_1_155' title='bbox 870 1707 996 1803; x_wconf 90' lang='lat' dir='ltr'>liquore</span> <span class='ocrx_word' id='word_1_156' title='bbox 1020 1709 1114 1781; x_wconf 81' lang='lat' dir='ltr'>calcu</span> <span class='ocrx_word' id='word_1_157' title='bbox 1130 1705 1371 1795; x_wconf 80' lang='lat' dir='ltr'>fermenrescit,</span> <span class='ocrx_word' id='word_1_158' title='bbox 1391 1708 1483 1805; x_wconf 77' lang='lat' dir='ltr'>quod</span> <span class='ocrx_word' id='word_1_159' title='bbox 1507 1712 1543 1780; x_wconf 86' lang='lat' dir='ltr'>in</span> <span class='ocrx_word' id='word_1_160' title='bbox 1591 1710 1593 1714; x_wconf 59' lang='lat'><em>&#39;</em></span> 
     </span>
     <span class='ocr_line' id='line_1_16' title="bbox 179 1735 1542 1902; baseline -0.001 -27"><span class='ocrx_word' id='word_1_161' title='bbox 179 1803 273 1876; x_wconf 85' lang='lat' dir='ltr'>caloe</span> <span class='ocrx_word' id='word_1_162' title='bbox 291 1826 393 1902; x_wconf 85' lang='lat' dir='ltr'>partes</span> <span class='ocrx_word' id='word_1_163' title='bbox 409 1735 560 1900; x_wconf 70' lang='lat' dir='ltr'>superflue</span> <span class='ocrx_word' id='word_1_164' title='bbox 575 1829 645 1900; x_wconf 75' lang='lat' dir='ltr'>qua</span> <span class='ocrx_word' id='word_1_165' title='bbox 659 1830 725 1875; x_wconf 89' lang='lat' dir='ltr'>non</span> <span class='ocrx_word' id='word_1_166' title='bbox 737 1801 862 1876; x_wconf 87' lang='lat' dir='ltr'>fuerant</span> <span class='ocrx_word' id='word_1_167' title='bbox 879 1802 1178 1892; x_wconf 69' lang='lat' dir='ltr'>dissolutaemullam</span> <span class='ocrx_word' id='word_1_168' title='bbox 1194 1804 1476 1878; x_wconf 82' lang='lat' dir='ltr'>fermentationem</span> <span class='ocrx_word' id='word_1_169' title='bbox 1485 1824 1542 1877; x_wconf 88' lang='lat' dir='ltr'>aut</span> 
     </span>
     <span class='ocr_line' id='line_1_17' title="bbox 173 1895 1544 2000; baseline 0 -31"><span class='ocrx_word' id='word_1_170' title='bbox 173 1895 419 1971; x_wconf 83' lang='lat' dir='ltr'>dissolutionem</span> <span class='ocrx_word' id='word_1_171' title='bbox 439 1903 473 1968; x_wconf 92' lang='lat' dir='ltr'>in</span> <span class='ocrx_word' id='word_1_172' title='bbox 495 1899 621 1998; x_wconf 86' lang='lat' dir='ltr'>liquore</span> <span class='ocrx_word' id='word_1_173' title='bbox 643 1898 743 1972; x_wconf 85' lang='lat' dir='ltr'>efficit</span> <span class='ocrx_word' id='word_1_174' title='bbox 764 1897 888 2000; x_wconf 83' lang='lat' dir='ltr'>spiritus</span> <span class='ocrx_word' id='word_1_175' title='bbox 907 1905 1010 1986; x_wconf 90' lang='lat' dir='ltr'>nitri,</span> <span class='ocrx_word' id='word_1_176' title='bbox 1033 1901 1124 1999; x_wconf 84' lang='lat' dir='ltr'>qurid</span> <span class='ocrx_word' id='word_1_177' title='bbox 1146 1898 1230 1971; x_wconf 85' lang='lat' dir='ltr'>illius</span> <span class='ocrx_word' id='word_1_178' title='bbox 1261 1899 1415 1999; x_wconf 67' lang='lat' dir='ltr'>particule</span> <span class='ocrx_word' id='word_1_179' title='bbox 1436 1904 1544 1971; x_wconf 78' lang='lat' dir='ltr'>minus</span> 
     </span>
     <span class='ocr_line' id='line_1_18' title="bbox 175 1984 1542 2097; baseline 0.001 -31"><span class='ocrx_word' id='word_1_180' title='bbox 175 1993 281 2066; x_wconf 77' lang='lat' dir='ltr'>firma:</span> <span class='ocrx_word' id='word_1_181' title='bbox 294 1991 352 2065; x_wconf 89' lang='lat' dir='ltr'>smt</span> <span class='ocrx_word' id='word_1_182' title='bbox 366 1984 587 2068; x_wconf 83' lang='lat' dir='ltr'>&amp;subtiliores</span> <span class='ocrx_word' id='word_1_183' title='bbox 602 1996 704 2094; x_wconf 68' lang='lat' dir='ltr'>quim</span> <span class='ocrx_word' id='word_1_184' title='bbox 718 2020 753 2067; x_wconf 90' lang='lat' dir='ltr'>ut</span> <span class='ocrx_word' id='word_1_185' title='bbox 768 1996 871 2066; x_wconf 89' lang='lat' dir='ltr'>ullum</span> <span class='ocrx_word' id='word_1_186' title='bbox 886 1993 1004 2097; x_wconf 80' lang='lat' dir='ltr'>possint</span> <span class='ocrx_word' id='word_1_187' title='bbox 1021 1992 1197 2068; x_wconf 79' lang='lat' dir='ltr'>sensibilem</span> <span class='ocrx_word' id='word_1_188' title='bbox 1216 2019 1344 2069; x_wconf 89' lang='lat' dir='ltr'>motum</span> <span class='ocrx_word' id='word_1_189' title='bbox 1354 1997 1542 2096; x_wconf 83' lang='lat' dir='ltr'>producere.</span> 
     </span>
    </p>

    <p class='ocr_par' dir='ltr' id='par_1_4' title="bbox 176 2089 1544 2573">
     <span class='ocr_line' id='line_1_19' title="bbox 230 2089 1544 2190; baseline 0.002 -30"><span class='ocrx_word' id='word_1_190' title='bbox 230 2094 307 2163; x_wconf 84' lang='lat' dir='ltr'><strong>XII.</strong></span> <span class='ocrx_word' id='word_1_191' title='bbox 317 2094 437 2162; x_wconf 84' lang='lat' dir='ltr'>Eodem</span> <span class='ocrx_word' id='word_1_192' title='bbox 450 2093 501 2160; x_wconf 93' lang='lat' dir='ltr'>die</span> <span class='ocrx_word' id='word_1_193' title='bbox 515 2091 760 2164; x_wconf 84' lang='lat' dir='ltr'>D.Toumefort</span> <span class='ocrx_word' id='word_1_194' title='bbox 772 2090 924 2188; x_wconf 89' lang='lat' dir='ltr'>scriptum</span> <span class='ocrx_word' id='word_1_195' title='bbox 936 2100 999 2184; x_wconf 84' lang='lat' dir='ltr'>jam</span> <span class='ocrx_word' id='word_1_196' title='bbox 1007 2114 1081 2164; x_wconf 88' lang='lat' dir='ltr'>ante</span> <span class='ocrx_word' id='word_1_197' title='bbox 1089 2090 1223 2190; x_wconf 90' lang='lat' dir='ltr'>aliquod</span> <span class='ocrx_word' id='word_1_198' title='bbox 1240 2089 1359 2164; x_wconf 86' lang='lat' dir='ltr'>menses</span> <span class='ocrx_word' id='word_1_199' title='bbox 1367 2098 1402 2163; x_wconf 93' lang='lat' dir='ltr'>in</span> <span class='ocrx_word' id='word_1_200' title='bbox 1414 2092 1544 2163; x_wconf 80' lang='lat' dir='ltr'>Acade-</span> 
     </span>
     <span class='ocr_line' id='line_1_20' title="bbox 179 2183 1543 2284; baseline -0.001 -25"><span class='ocrx_word' id='word_1_201' title='bbox 179 2191 250 2259; x_wconf 74' lang='lat' dir='ltr'>mia</span> <span class='ocrx_word' id='word_1_202' title='bbox 263 2188 384 2258; x_wconf 67' lang='lat' dir='ltr'>lectum</span> <span class='ocrx_word' id='word_1_203' title='bbox 394 2193 429 2257; x_wconf 91' lang='lat' dir='ltr'>in</span> <span class='ocrx_word' id='word_1_204' title='bbox 441 2187 613 2259; x_wconf 81' lang='lat' dir='ltr'>Tabularia</span> <span class='ocrx_word' id='word_1_205' title='bbox 632 2188 767 2259; x_wconf 88' lang='lat' dir='ltr'>relatum</span> <span class='ocrx_word' id='word_1_206' title='bbox 783 2189 827 2258; x_wconf 85' lang='lat' dir='ltr'>est</span> <span class='ocrx_word' id='word_1_207' title='bbox 844 2183 1101 2259; x_wconf 81' lang='lat' dir='ltr'>:observationes</span> <span class='ocrx_word' id='word_1_208' title='bbox 1119 2188 1265 2284; x_wconf 78' lang='lat' dir='ltr'>quaedam</span> <span class='ocrx_word' id='word_1_209' title='bbox 1279 2192 1361 2259; x_wconf 90' lang='lat' dir='ltr'>circa</span> <span class='ocrx_word' id='word_1_210' title='bbox 1372 2210 1462 2259; x_wconf 85' lang='lat' dir='ltr'>terrae</span> <span class='ocrx_word' id='word_1_211' title='bbox 1474 2184 1543 2258; x_wconf 91' lang='lat' dir='ltr'>sul-</span> 
     </span>
     <span class='ocr_line' id='line_1_21' title="bbox 177 2278 1544 2381; baseline 0.003 -28"><span class='ocrx_word' id='word_1_212' title='bbox 177 2282 266 2381; x_wconf 86' lang='lat' dir='ltr'>phur</span> <span class='ocrx_word' id='word_1_213' title='bbox 279 2306 320 2355; x_wconf 91' lang='lat' dir='ltr'>eo</span> <span class='ocrx_word' id='word_1_214' title='bbox 332 2278 453 2381; x_wconf 88' lang='lat' dir='ltr'>scripto</span> <span class='ocrx_word' id='word_1_215' title='bbox 466 2288 691 2356; x_wconf 86' lang='lat' dir='ltr'>continentur:</span> <span class='ocrx_word' id='word_1_216' title='bbox 713 2309 772 2355; x_wconf 91' lang='lat' dir='ltr'>nec</span> <span class='ocrx_word' id='word_1_217' title='bbox 790 2281 894 2353; x_wconf 89' lang='lat' dir='ltr'>solum</span> <span class='ocrx_word' id='word_1_218' title='bbox 909 2287 943 2353; x_wconf 93' lang='lat' dir='ltr'>in</span> <span class='ocrx_word' id='word_1_219' title='bbox 965 2284 1077 2379; x_wconf 86' lang='lat' dir='ltr'>Gypso</span> <span class='ocrx_word' id='word_1_220' title='bbox 1088 2306 1143 2354; x_wconf 92' lang='lat' dir='ltr'>aut</span> <span class='ocrx_word' id='word_1_221' title='bbox 1161 2289 1195 2354; x_wconf 92' lang='lat' dir='ltr'>in</span> <span class='ocrx_word' id='word_1_222' title='bbox 1210 2281 1347 2353; x_wconf 81' lang='lat' dir='ltr'>carbone</span> <span class='ocrx_word' id='word_1_223' title='bbox 1360 2281 1476 2369; x_wconf 81' lang='lat' dir='ltr'>fossili,</span> <span class='ocrx_word' id='word_1_224' title='bbox 1490 2283 1544 2357; x_wconf 84' lang='lat' dir='ltr'>scd</span> 
     </span>
     <span class='ocr_line' id='line_1_22' title="bbox 176 2376 1543 2479; baseline 0.001 -29"><span class='ocrx_word' id='word_1_225' title='bbox 176 2383 281 2450; x_wconf 89' lang='lat' dir='ltr'>etiarn</span> <span class='ocrx_word' id='word_1_226' title='bbox 293 2385 327 2451; x_wconf 89' lang='lat' dir='ltr'>in</span> <span class='ocrx_word' id='word_1_227' title='bbox 341 2383 432 2449; x_wconf 91' lang='lat' dir='ltr'>omni</span> <span class='ocrx_word' id='word_1_228' title='bbox 445 2403 526 2476; x_wconf 89' lang='lat' dir='ltr'>pene</span> <span class='ocrx_word' id='word_1_229' title='bbox 540 2401 696 2449; x_wconf 85' lang='lat' dir='ltr'>terrarum</span> <span class='ocrx_word' id='word_1_230' title='bbox 708 2403 824 2477; x_wconf 81' lang='lat' dir='ltr'>genere</span> <span class='ocrx_word' id='word_1_231' title='bbox 848 2383 1016 2448; x_wconf 86' lang='lat' dir='ltr'>materiam</span> <span class='ocrx_word' id='word_1_232' title='bbox 1042 2383 1197 2479; x_wconf 87' lang='lat' dir='ltr'>pinguem</span> <span class='ocrx_word' id='word_1_233' title='bbox 1215 2386 1249 2451; x_wconf 74' lang='grc' dir='ltr'>δι</span> <span class='ocrx_word' id='word_1_234' title='bbox 1276 2376 1543 2451; x_wconf 87' lang='lat' dir='ltr'>inflammabilem</span> 
     </span>
     <span class='ocr_line' id='line_1_23' title="bbox 177 2470 863 2573; baseline 0.004 -29"><span class='ocrx_word' id='word_1_235' title='bbox 177 2471 278 2545; x_wconf 78' lang='lat' dir='ltr'>inesse</span> <span class='ocrx_word' id='word_1_236' title='bbox 295 2470 484 2573; x_wconf 89' lang='lat' dir='ltr'>quibusdam</span> <span class='ocrx_word' id='word_1_237' title='bbox 498 2477 723 2568; x_wconf 82' lang='lat' dir='ltr'>experimentis</span> <span class='ocrx_word' id='word_1_238' title='bbox 736 2472 863 2573; x_wconf 87' lang='lat' dir='ltr'>probat.</span> 
     </span>
    </p>

    <p class='ocr_par' dir='ltr' id='par_1_5' title="bbox 177 2567 1546 3600">
     <span class='ocr_line' id='line_1_24' title="bbox 236 2567 1544 2671; baseline 0 -29"><span class='ocrx_word' id='word_1_239' title='bbox 236 2575 345 2642; x_wconf 83' lang='lat' dir='ltr'>Terrae</span> <span class='ocrx_word' id='word_1_240' title='bbox 370 2575 439 2666; x_wconf 87' lang='lat' dir='ltr'>agri</span> <span class='ocrx_word' id='word_1_241' title='bbox 465 2573 598 2639; x_wconf 88' lang='lat' dir='ltr'>minime</span> <span class='ocrx_word' id='word_1_242' title='bbox 621 2569 785 2642; x_wconf 82' lang='lat' dir='ltr'>stercorari</span> <span class='ocrx_word' id='word_1_243' title='bbox 812 2570 893 2642; x_wconf 88' lang='lat' dir='ltr'>bene</span> <span class='ocrx_word' id='word_1_244' title='bbox 919 2567 1078 2640; x_wconf 77' lang='lat' dir='ltr'>exficcarae</span> <span class='ocrx_word' id='word_1_245' title='bbox 1097 2574 1132 2642; x_wconf 80' lang='lat' dir='ltr'>dt</span> <span class='ocrx_word' id='word_1_246' title='bbox 1159 2595 1217 2671; x_wconf 89' lang='lat' dir='ltr'>per</span> <span class='ocrx_word' id='word_1_247' title='bbox 1242 2568 1383 2644; x_wconf 68' lang='lat' dir='ltr'>militum</span> <span class='ocrx_word' id='word_1_248' title='bbox 1405 2571 1544 2666; x_wconf 74' lang='lat' dir='ltr'>trajedlae</span> 
     </span>
     <span class='ocr_line' id='line_1_25' title="bbox 178 2662 1545 2766; baseline -0.001 -28"><span class='ocrx_word' id='word_1_249' title='bbox 178 2662 330 2766; x_wconf 87' lang='lat' dir='ltr'>spiritum</span> <span class='ocrx_word' id='word_1_250' title='bbox 347 2670 415 2734; x_wconf 84' lang='lat' dir='ltr'>vini</span> <span class='ocrx_word' id='word_1_251' title='bbox 437 2664 576 2750; x_wconf 86' lang='lat' dir='ltr'>affudit,</span> <span class='ocrx_word' id='word_1_252' title='bbox 591 2669 636 2736; x_wconf 87' lang='lat' dir='ltr'>ita</span> <span class='ocrx_word' id='word_1_253' title='bbox 655 2686 691 2736; x_wconf 90' lang='lat' dir='ltr'>ut</span> <span class='ocrx_word' id='word_1_254' title='bbox 704 2664 829 2763; x_wconf 88' lang='lat' dir='ltr'>spiritus</span> <span class='ocrx_word' id='word_1_255' title='bbox 843 2662 878 2736; x_wconf 91' lang='lat' dir='ltr'>su</span> <span class='ocrx_word' id='word_1_256' title='bbox 903 2691 936 2736; x_wconf 88' lang='lat' dir='ltr'>ra</span> <span class='ocrx_word' id='word_1_257' title='bbox 950 2687 1068 2736; x_wconf 88' lang='lat' dir='ltr'>terram</span> <span class='ocrx_word' id='word_1_258' title='bbox 1087 2692 1104 2736; x_wconf 88' lang='lat' dir='ltr'>a</span> <span class='ocrx_word' id='word_1_259' title='bbox 1123 2666 1231 2764; x_wconf 78' lang='lat' dir='ltr'>digitis</span> <span class='ocrx_word' id='word_1_260' title='bbox 1251 2690 1383 2743; x_wconf 86' lang='lat' dir='ltr'>extaret.</span> <span class='ocrx_word' id='word_1_261' title='bbox 1418 2675 1483 2740; x_wconf 82' lang='lat' dir='ltr'>Vas</span> <span class='ocrx_word' id='word_1_262' title='bbox 1496 2672 1545 2738; x_wconf 89' lang='lat' dir='ltr'>ci·</span> 
     </span>
     <span class='ocr_line' id='line_1_26' title="bbox 178 2755 1543 2857; baseline 0.001 -25"><span class='ocrx_word' id='word_1_263' title='bbox 178 2760 311 2833; x_wconf 87' lang='lat' dir='ltr'>neribus</span> <span class='ocrx_word' id='word_1_264' title='bbox 328 2761 435 2832; x_wconf 86' lang='lat' dir='ltr'>calidis</span> <span class='ocrx_word' id='word_1_265' title='bbox 447 2762 491 2831; x_wconf 86' lang='lat' dir='ltr'>est</span> <span class='ocrx_word' id='word_1_266' title='bbox 506 2758 692 2855; x_wconf 72' lang='lat' dir='ltr'>impostum</span> <span class='ocrx_word' id='word_1_267' title='bbox 708 2796 718 2850; x_wconf 86' lang='lat'>;</span> <span class='ocrx_word' id='word_1_268' title='bbox 737 2765 855 2833; x_wconf 67' lang='lat' dir='ltr'>enodis</span> <span class='ocrx_word' id='word_1_269' title='bbox 878 2787 916 2833; x_wconf 88' lang='lat' dir='ltr'>ex</span> <span class='ocrx_word' id='word_1_270' title='bbox 928 2757 1038 2833; x_wconf 89' lang='lat' dir='ltr'>dicbus</span> <span class='ocrx_word' id='word_1_271' title='bbox 1046 2755 1174 2857; x_wconf 89' lang='lat' dir='ltr'>spiritus</span> <span class='ocrx_word' id='word_1_272' title='bbox 1194 2768 1263 2834; x_wconf 75' lang='lat' dir='ltr'>vini</span> <span class='ocrx_word' id='word_1_273' title='bbox 1282 2765 1458 2835; x_wconf 71' lang='lat' dir='ltr'>rindturam</span> <span class='ocrx_word' id='word_1_274' title='bbox 1478 2764 1543 2834; x_wconf 85' lang='lat' dir='ltr'>lla·</span> 
     </span>
     <span class='ocr_line' id='line_1_27' title="bbox 180 2853 1545 2956; baseline -0.001 -29"><span class='ocrx_word' id='word_1_275' title='bbox 180 2882 260 2928; x_wconf 84' lang='lat' dir='ltr'>vam</span> <span class='ocrx_word' id='word_1_276' title='bbox 273 2862 417 2929; x_wconf 82' lang='lat' dir='ltr'>extraxit.</span> <span class='ocrx_word' id='word_1_277' title='bbox 444 2862 510 2927; x_wconf 85' lang='lat' dir='ltr'>Hic</span> <span class='ocrx_word' id='word_1_278' title='bbox 522 2853 649 2952; x_wconf 84' lang='lat' dir='ltr'>spiritus</span> <span class='ocrx_word' id='word_1_279' title='bbox 666 2881 758 2951; x_wconf 78' lang='lat' dir='ltr'>aqua</span> <span class='ocrx_word' id='word_1_280' title='bbox 780 2861 963 2928; x_wconf 85' lang='lat' dir='ltr'>communis</span> <span class='ocrx_word' id='word_1_281' title='bbox 985 2856 1150 2928; x_wconf 87' lang='lat' dir='ltr'>additione</span> <span class='ocrx_word' id='word_1_282' title='bbox 1161 2857 1312 2945; x_wconf 87' lang='lat' dir='ltr'>albescit,</span> <span class='ocrx_word' id='word_1_283' title='bbox 1332 2883 1402 2930; x_wconf 89' lang='lat' dir='ltr'>tum</span> <span class='ocrx_word' id='word_1_284' title='bbox 1418 2865 1452 2927; x_wconf 90' lang='lat' dir='ltr'>in</span> <span class='ocrx_word' id='word_1_285' title='bbox 1465 2878 1545 2956; x_wconf 50' lang='lat' dir='ltr'>gru-¹</span> 
     </span>
     <span class='ocr_line' id='line_1_28' title="bbox 183 2949 1546 3049; baseline -0.002 -24"><span class='ocrx_word' id='word_1_286' title='bbox 183 2977 259 3025; x_wconf 81' lang='lat' dir='ltr'>mos</span> <span class='ocrx_word' id='word_1_287' title='bbox 271 2951 391 3025; x_wconf 79' lang='lat' dir='ltr'>facessit</span> <span class='ocrx_word' id='word_1_288' title='bbox 404 3011 413 3040; x_wconf 93' lang='lat'><strong>,</strong></span> <span class='ocrx_word' id='word_1_289' title='bbox 427 2977 465 3024; x_wconf 89' lang='lat' dir='ltr'>ac</span> <span class='ocrx_word' id='word_1_290' title='bbox 477 2953 608 3020; x_wconf 77' lang='lat' dir='ltr'>demum</span> <span class='ocrx_word' id='word_1_291' title='bbox 623 2949 721 3023; x_wconf 76' lang='lat' dir='ltr'>refinai</span> <span class='ocrx_word' id='word_1_292' title='bbox 735 2952 869 3023; x_wconf 89' lang='lat' dir='ltr'>subllavi</span> <span class='ocrx_word' id='word_1_293' title='bbox 884 2952 1000 3023; x_wconf 86' lang='lat' dir='ltr'>coloris</span> <span class='ocrx_word' id='word_1_294' title='bbox 1015 2974 1151 3049; x_wconf 82' lang='lat' dir='ltr'>praeccps</span> <span class='ocrx_word' id='word_1_295' title='bbox 1162 2954 1291 3027; x_wconf 90' lang='lat' dir='ltr'>decidit.</span> <span class='ocrx_word' id='word_1_296' title='bbox 1312 2958 1414 3048; x_wconf 77' lang='lat' dir='ltr'>Quod</span> <span class='ocrx_word' id='word_1_297' title='bbox 1425 2957 1458 3023; x_wconf 93' lang='lat' dir='ltr'>in</span> <span class='ocrx_word' id='word_1_298' title='bbox 1473 2951 1546 3023; x_wconf 84' lang='lat' dir='ltr'>vul·</span> 
     </span>
     <span class='ocr_line' id='line_1_29' title="bbox 181 3046 1546 3149; baseline 0.001 -31"><span class='ocrx_word' id='word_1_299' title='bbox 181 3053 253 3149; x_wconf 85' lang='lat' dir='ltr'>gari</span> <span class='ocrx_word' id='word_1_300' title='bbox 268 3057 331 3119; x_wconf 86' lang='lat' dir='ltr'>vini</span> <span class='ocrx_word' id='word_1_301' title='bbox 348 3047 535 3146; x_wconf 88' lang='lat' dir='ltr'>spiritunon</span> <span class='ocrx_word' id='word_1_302' title='bbox 548 3052 728 3143; x_wconf 90' lang='lat' dir='ltr'>contingit,</span> <span class='ocrx_word' id='word_1_303' title='bbox 742 3047 798 3118; x_wconf 80' lang='lat' dir='ltr'>nisi</span> <span class='ocrx_word' id='word_1_304' title='bbox 817 3052 986 3121; x_wconf 81' lang='lat' dir='ltr'>materiam</span> <span class='ocrx_word' id='word_1_305' title='bbox 1009 3052 1063 3146; x_wconf 90' lang='lat' dir='ltr'>pin</span> <span class='ocrx_word' id='word_1_306' title='bbox 1109 3071 1161 3117; x_wconf 88' lang='lat' dir='ltr'>ern</span> <span class='ocrx_word' id='word_1_307' title='bbox 1185 3057 1219 3121; x_wconf 82' lang='lat' dir='ltr'>dr</span> <span class='ocrx_word' id='word_1_308' title='bbox 1250 3048 1421 3123; x_wconf 76' lang='lat' dir='ltr'>resinosam</span> <span class='ocrx_word' id='word_1_309' title='bbox 1439 3046 1546 3120; x_wconf 84' lang='lat' dir='ltr'>cxsol-</span> 
     </span>
     <span class='ocr_line' id='line_1_30' title="bbox 182 3139 1544 3245; baseline 0.002 -32"><span class='ocrx_word' id='word_1_310' title='bbox 182 3147 279 3220; x_wconf 76' lang='lat' dir='ltr'>uerir.</span> <span class='ocrx_word' id='word_1_311' title='bbox 303 3176 332 3221; x_wconf 73' lang='grc' dir='ltr'>ι.</span> <span class='ocrx_word' id='word_1_312' title='bbox 364 3143 561 3219; x_wconf 72' lang='lat' dir='ltr'>admistione</span> <span class='ocrx_word' id='word_1_313' title='bbox 582 3167 673 3239; x_wconf 78' lang='lat' dir='ltr'>aque</span> <span class='ocrx_word' id='word_1_314' title='bbox 702 3144 798 3217; x_wconf 86' lang='lat' dir='ltr'>calcis</span> <span class='ocrx_word' id='word_1_315' title='bbox 822 3143 978 3230; x_wconf 67' lang='lat' dir='ltr'>umescit,</span> <span class='ocrx_word' id='word_1_316' title='bbox 999 3154 1033 3216; x_wconf 81' lang='lat' dir='ltr'>dr</span> <span class='ocrx_word' id='word_1_317' title='bbox 1067 3139 1257 3217; x_wconf 80' lang='lat' dir='ltr'>obstantiam</span> <span class='ocrx_word' id='word_1_318' title='bbox 1279 3152 1432 3245; x_wconf 87' lang='lat' dir='ltr'>pinguem</span> <span class='ocrx_word' id='word_1_319' title='bbox 1455 3151 1544 3244; x_wconf 85' lang='lat' dir='ltr'>cogit</span> 
     </span>
     <span class='ocr_line' id='line_1_31' title="bbox 182 3235 1545 3340; baseline 0.003 -32"><span class='ocrx_word' id='word_1_320' title='bbox 182 3248 393 3340; x_wconf 73' lang='lat' dir='ltr'>precipitem.</span> <span class='ocrx_word' id='word_1_321' title='bbox 406 3271 418 3331; x_wconf 68' lang='grc' dir='ltr'><em>ς</em></span> <span class='ocrx_word' id='word_1_322' title='bbox 433 3263 507 3311; x_wconf 89' lang='lat' dir='ltr'>curn</span> <span class='ocrx_word' id='word_1_323' title='bbox 523 3240 632 3309; x_wconf 72' lang='lat' dir='ltr'>eadem</span> <span class='ocrx_word' id='word_1_324' title='bbox 647 3239 742 3312; x_wconf 84' lang='lat' dir='ltr'>calcis</span> <span class='ocrx_word' id='word_1_325' title='bbox 755 3241 840 3338; x_wconf 70' lang='lat' dir='ltr'>aqud</span> <span class='ocrx_word' id='word_1_326' title='bbox 851 3244 961 3314; x_wconf 90' lang='lat' dir='ltr'>itidem</span> <span class='ocrx_word' id='word_1_327' title='bbox 974 3235 1126 3326; x_wconf 80' lang='lat' dir='ltr'>albescit,</span> <span class='ocrx_word' id='word_1_328' title='bbox 1136 3262 1209 3312; x_wconf 86' lang='lat' dir='ltr'>turn</span> <span class='ocrx_word' id='word_1_329' title='bbox 1225 3242 1372 3313; x_wconf 87' lang='lat' dir='ltr'>admistio</span> <span class='ocrx_word' id='word_1_330' title='bbox 1383 3240 1545 3314; x_wconf 87' lang='lat' dir='ltr'>sublimati</span> 
     </span>
     <span class='ocr_line' id='line_1_32' title="bbox 182 3331 1546 3436; baseline 0.002 -30"><span class='ocrx_word' id='word_1_331' title='bbox 182 3338 339 3410; x_wconf 78' lang='lat' dir='ltr'>corrosiri</span> <span class='ocrx_word' id='word_1_332' title='bbox 355 3335 457 3406; x_wconf 79' lang='lat' dir='ltr'>obstat</span> <span class='ocrx_word' id='word_1_333' title='bbox 478 3339 652 3429; x_wconf 82' lang='lat' dir='ltr'>quominus</span> <span class='ocrx_word' id='word_1_334' title='bbox 666 3334 840 3425; x_wconf 56' lang='lat' dir='ltr'>flavescam</span> <span class='ocrx_word' id='word_1_335' title='bbox 863 3340 1001 3434; x_wconf 84' lang='lat' dir='ltr'>vulgaris</span> <span class='ocrx_word' id='word_1_336' title='bbox 1023 3337 1092 3406; x_wconf 83' lang='lat' dir='ltr'>vini</span> <span class='ocrx_word' id='word_1_337' title='bbox 1108 3331 1129 3402; x_wconf 87' lang='lat' dir='ltr'>s</span> <span class='ocrx_word' id='word_1_338' title='bbox 1146 3341 1234 3407; x_wconf 84' lang='lat' dir='ltr'>&#39;ritus</span> <span class='ocrx_word' id='word_1_339' title='bbox 1252 3361 1326 3408; x_wconf 89' lang='lat' dir='ltr'>cum</span> <span class='ocrx_word' id='word_1_340' title='bbox 1341 3341 1426 3436; x_wconf 78' lang='lat' dir='ltr'>aqud</span> <span class='ocrx_word' id='word_1_341' title='bbox 1449 3339 1546 3409; x_wconf 82' lang='lat' dir='ltr'>calcia</span> 
     </span>
     <span class='ocr_line' id='line_1_33' title="bbox 177 3428 1545 3600; baseline 0.002 -97"><span class='ocrx_word' id='word_1_342' title='bbox 177 3435 334 3600; x_wconf 55' lang='lat' dir='ltr'>fflil</span> <span class='ocrx_word' id='word_1_343' title='bbox 348 3428 531 3516; x_wconf 81' lang='lat' dir='ltr'>incalescit,</span> <span class='ocrx_word' id='word_1_344' title='bbox 546 3454 584 3499; x_wconf 90' lang='lat' dir='ltr'>ac</span> <span class='ocrx_word' id='word_1_345' title='bbox 608 3452 716 3503; x_wconf 88' lang='lat' dir='ltr'>torum</span> <span class='ocrx_word' id='word_1_346' title='bbox 732 3456 832 3506; x_wconf 87' lang='lat' dir='ltr'>aureo</span> <span class='ocrx_word' id='word_1_347' title='bbox 846 3432 957 3503; x_wconf 83' lang='lat' dir='ltr'>colore</span> <span class='ocrx_word' id='word_1_348' title='bbox 971 3435 1104 3530; x_wconf 86' lang='lat' dir='ltr'>tingitur</span> <span class='ocrx_word' id='word_1_349' title='bbox 1131 3430 1283 3502; x_wconf 85' lang='lat' dir='ltr'>olutionis</span> <span class='ocrx_word' id='word_1_350' title='bbox 1301 3431 1463 3506; x_wconf 76' lang='lat' dir='ltr'>sublinuti</span> <span class='ocrx_word' id='word_1_351' title='bbox 1487 3460 1545 3506; x_wconf 64' lang='lat' dir='ltr'>aaa</span> 
     </span>
    </p>

    <p class='ocr_par' dir='ltr' id='par_1_6' title="bbox 308 3556 338 3607">
     <span class='ocr_line' id='line_1_34' title="bbox 308 3556 338 3607; baseline 0 0"><span class='ocrx_word' id='word_1_352' title='bbox 308 3556 338 3607; x_wconf 75' lang='lat' dir='ltr'>c.</span> 
     </span>
    </p>

    <p class='ocr_par' dir='ltr' id='par_1_7' title="bbox 181 3616 1545 3986">
     <span class='ocr_line' id='line_1_35' title="bbox 237 3616 1545 3723; baseline 0.003 -28"><span class='ocrx_word' id='word_1_353' title='bbox 237 3652 273 3710; x_wconf 75' lang='lat'>4,</span> <span class='ocrx_word' id='word_1_354' title='bbox 303 3630 437 3723; x_wconf 84' lang='lat' dir='ltr'>Spiritus</span> <span class='ocrx_word' id='word_1_355' title='bbox 452 3625 521 3693; x_wconf 82' lang='lat' dir='ltr'>vini</span> <span class='ocrx_word' id='word_1_356' title='bbox 533 3645 623 3694; x_wconf 82' lang='lat' dir='ltr'>terne</span> <span class='ocrx_word' id='word_1_357' title='bbox 634 3616 754 3692; x_wconf 86' lang='lat' dir='ltr'>infusus</span> <span class='ocrx_word' id='word_1_358' title='bbox 764 3621 951 3723; x_wconf 79' lang='lat' dir='ltr'>heliotropii</span> <span class='ocrx_word' id='word_1_359' title='bbox 963 3621 1109 3694; x_wconf 87' lang='lat' dir='ltr'>colorem</span> <span class='ocrx_word' id='word_1_360' title='bbox 1122 3644 1188 3693; x_wconf 92' lang='lat' dir='ltr'>non</span> <span class='ocrx_word' id='word_1_361' title='bbox 1196 3621 1304 3694; x_wconf 86' lang='lat' dir='ltr'>statim</span> <span class='ocrx_word' id='word_1_362' title='bbox 1320 3622 1545 3714; x_wconf 86' lang='lat' dir='ltr'>immutar,sed</span> 
     </span>
     <span class='ocr_line' id='line_1_36' title="bbox 181 3715 1544 3817; baseline 0.001 -24"><span class='ocrx_word' id='word_1_363' title='bbox 181 3724 356 3814; x_wconf 70' lang='lat' dir='ltr'>intetjrsto</span> <span class='ocrx_word' id='word_1_364' title='bbox 374 3743 518 3816; x_wconf 89' lang='lat' dir='ltr'>tempore</span> <span class='ocrx_word' id='word_1_365' title='bbox 530 3715 570 3788; x_wconf 55' lang='lat' dir='ltr'>’fit</span> <span class='ocrx_word' id='word_1_366' title='bbox 585 3719 729 3815; x_wconf 73' lang='lat' dir='ltr'>quadam</span> <span class='ocrx_word' id='word_1_367' title='bbox 744 3723 836 3817; x_wconf 85' lang='lat' dir='ltr'>praeci</span> <span class='ocrx_word' id='word_1_368' title='bbox 861 3725 953 3792; x_wconf 90' lang='lat' dir='ltr'>itatio</span> <span class='ocrx_word' id='word_1_369' title='bbox 969 3776 978 3804; x_wconf 91' lang='lat'>,</span> <span class='ocrx_word' id='word_1_370' title='bbox 995 3740 1066 3789; x_wconf 89' lang='lat' dir='ltr'>turn</span> <span class='ocrx_word' id='word_1_371' title='bbox 1077 3715 1188 3814; x_wconf 84' lang='lat' dir='ltr'>liquor</span> <span class='ocrx_word' id='word_1_372' title='bbox 1200 3717 1380 3791; x_wconf 87' lang='lat' dir='ltr'>violaceum</span> <span class='ocrx_word' id='word_1_373' title='bbox 1397 3720 1544 3794; x_wconf 88' lang='lat' dir='ltr'>colorem</span> 
     </span>
     <span class='ocr_line' id='line_1_37' title="bbox 183 3809 1545 3919; baseline 0.002 -31"><span class='ocrx_word' id='word_1_374' title='bbox 183 3819 372 3889; x_wconf 86' lang='lat' dir='ltr'>dilutiorem</span> <span class='ocrx_word' id='word_1_375' title='bbox 390 3817 519 3888; x_wconf 76' lang='lat' dir='ltr'>induite</span> <span class='ocrx_word' id='word_1_376' title='bbox 547 3811 751 3915; x_wconf 72' lang='lat' dir='ltr'>spiritusuini</span> <span class='ocrx_word' id='word_1_377' title='bbox 764 3842 822 3889; x_wconf 90' lang='lat' dir='ltr'>ean</span> <span class='ocrx_word' id='word_1_378' title='bbox 918 3809 1018 3889; x_wconf 86' lang='lat' dir='ltr'>efficit</span> <span class='ocrx_word' id='word_1_379' title='bbox 1039 3818 1327 3919; x_wconf 66' lang='lat' dir='ltr'>precipitationcm</span> <span class='ocrx_word' id='word_1_380' title='bbox 1339 3871 1351 3905; x_wconf 81' lang='lat'>,</span> <span class='ocrx_word' id='word_1_381' title='bbox 1378 3813 1431 3888; x_wconf 88' lang='lat' dir='ltr'>scd</span> <span class='ocrx_word' id='word_1_382' title='bbox 1453 3819 1545 3891; x_wconf 91' lang='lat' dir='ltr'>color</span> 
     </span>
     <span class='ocr_line' id='line_1_38' title="bbox 183 3912 414 3986; baseline 0.009 -2"><span class='ocrx_word' id='word_1_383' title='bbox 183 3912 274 3984; x_wconf 83' lang='lat' dir='ltr'>idem</span> <span class='ocrx_word' id='word_1_384' title='bbox 295 3936 414 3986; x_wconf 85' lang='lat' dir='ltr'>manet.</span> 
     </span>
    </p>

    <p class='ocr_par' dir='ltr' id='par_1_8' title="bbox 183 4005 1549 4396">
     <span class='ocr_line' id='line_1_39' title="bbox 231 4005 1547 4107; baseline 0 -27"><span class='ocrx_word' id='word_1_385' title='bbox 231 4014 280 4080; x_wconf 64' lang='lat' dir='ltr'>‘Ex</span> <span class='ocrx_word' id='word_1_386' title='bbox 293 4009 397 4107; x_wconf 77' lang='lat' dir='ltr'>primi</span> <span class='ocrx_word' id='word_1_387' title='bbox 408 4016 441 4081; x_wconf 79' lang='lat' dir='ltr'>dc</span> <span class='ocrx_word' id='word_1_388' title='bbox 455 4006 588 4079; x_wconf 68' lang='lat' dir='ltr'>secunda</span> <span class='ocrx_word' id='word_1_389' title='bbox 602 4005 824 4078; x_wconf 83' lang='lat' dir='ltr'>observatione</span> <span class='ocrx_word' id='word_1_390' title='bbox 839 4007 942 4105; x_wconf 85' lang='lat' dir='ltr'>liquet</span> <span class='ocrx_word' id='word_1_391' title='bbox 951 4009 1124 4080; x_wconf 70' lang='lat' dir='ltr'>tinsturam</span> <span class='ocrx_word' id='word_1_392' title='bbox 1139 4009 1157 4080; x_wconf 78' lang='grc' dir='ltr'>ὲ</span> <span class='ocrx_word' id='word_1_393' title='bbox 1170 4009 1236 4079; x_wconf 77' lang='lat' dir='ltr'>vini</span> <span class='ocrx_word' id='word_1_394' title='bbox 1248 4005 1359 4107; x_wconf 88' lang='lat' dir='ltr'>spiritu</span> <span class='ocrx_word' id='word_1_395' title='bbox 1371 4010 1547 4080; x_wconf 73' lang='lat' dir='ltr'>extrastam</span> 
     </span>
     <span class='ocr_line' id='line_1_40' title="bbox 183 4099 1549 4204; baseline -0.001 -28"><span class='ocrx_word' id='word_1_396' title='bbox 183 4101 334 4204; x_wconf 87' lang='lat' dir='ltr'>sulplmre</span> <span class='ocrx_word' id='word_1_397' title='bbox 348 4104 409 4175; x_wconf 84' lang='lat' dir='ltr'>elle</span> <span class='ocrx_word' id='word_1_398' title='bbox 423 4108 663 4203; x_wconf 80' lang='lat' dir='ltr'>impraegnatam</span> <span class='ocrx_word' id='word_1_399' title='bbox 679 4137 689 4192; x_wconf 78' lang='lat'><em>3</em></span> <span class='ocrx_word' id='word_1_400' title='bbox 703 4127 742 4176; x_wconf 84' lang='lat' dir='ltr'>ex</span> <span class='ocrx_word' id='word_1_401' title='bbox 755 4105 848 4174; x_wconf 75' lang='lat' dir='ltr'>territi</span> <span class='ocrx_word' id='word_1_402' title='bbox 861 4104 1021 4198; x_wconf 88' lang='lat' dir='ltr'>colligitur</span> <span class='ocrx_word' id='word_1_403' title='bbox 1032 4099 1131 4174; x_wconf 86' lang='lat' dir='ltr'>salem</span> <span class='ocrx_word' id='word_1_404' title='bbox 1145 4103 1220 4174; x_wconf 89' lang='lat' dir='ltr'>hnic</span> <span class='ocrx_word' id='word_1_405' title='bbox 1232 4101 1327 4175; x_wconf 80' lang='lat' dir='ltr'>inesse</span> <span class='ocrx_word' id='word_1_406' title='bbox 1339 4104 1483 4175; x_wconf 71' lang='lat' dir='ltr'>tinsturae</span> <span class='ocrx_word' id='word_1_407' title='bbox 1490 4099 1549 4176; x_wconf 84' lang='lat' dir='ltr'>sali</span> 
     </span>
     <span class='ocr_line' id='line_1_41' title="bbox 187 4194 1549 4298; baseline 0.001 -25"><span class='ocrx_word' id='word_1_408' title='bbox 187 4205 408 4272; x_wconf 84' lang='lat' dir='ltr'>Ammoniaco</span> <span class='ocrx_word' id='word_1_409' title='bbox 426 4207 459 4271; x_wconf 83' lang='grc' dir='ltr'>δι</span> <span class='ocrx_word' id='word_1_410' title='bbox 475 4197 605 4270; x_wconf 90' lang='lat' dir='ltr'>urinoso</span> <span class='ocrx_word' id='word_1_411' title='bbox 622 4224 690 4274; x_wconf 91' lang='lat' dir='ltr'>non</span> <span class='ocrx_word' id='word_1_412' title='bbox 703 4194 899 4276; x_wconf 72' lang='lat' dir='ltr'>dissimilem.</span> <span class='ocrx_word' id='word_1_413' title='bbox 922 4203 969 4272; x_wconf 84' lang='lat' dir='ltr'>Ex</span> <span class='ocrx_word' id='word_1_414' title='bbox 984 4200 1101 4298; x_wconf 64' lang='lat' dir='ltr'>quarti</span> <span class='ocrx_word' id='word_1_415' title='bbox 1114 4196 1277 4298; x_wconf 85' lang='lat' dir='ltr'>colligitur</span> <span class='ocrx_word' id='word_1_416' title='bbox 1301 4198 1389 4274; x_wconf 85' lang='lat' dir='ltr'>huuc</span> <span class='ocrx_word' id='word_1_417' title='bbox 1402 4197 1549 4297; x_wconf 74' lang='lat' dir='ltr'>spiritum</span> 
     </span>
     <span class='ocr_line' id='line_1_42' title="bbox 183 4294 1227 4396; baseline 0.005 -27"><span class='ocrx_word' id='word_1_418' title='bbox 183 4300 270 4369; x_wconf 87' lang='lat' dir='ltr'>acidi</span> <span class='ocrx_word' id='word_1_419' title='bbox 287 4320 356 4368; x_wconf 88' lang='lat' dir='ltr'>non</span> <span class='ocrx_word' id='word_1_420' title='bbox 372 4294 432 4367; x_wconf 82' lang='lat' dir='ltr'>elle</span> <span class='ocrx_word' id='word_1_421' title='bbox 451 4319 624 4396; x_wconf 79' lang='lat' dir='ltr'>expertem</span> <span class='ocrx_word' id='word_1_422' title='bbox 1223 4301 1227 4308; x_wconf 78' lang='grc'><strong><em>’</em></strong></span> 
     </span>
    </p>
   </div>
   <div class='ocr_carea' id='block_1_2' title="bbox 758 4532 985 4671">
    <p class='ocr_par' dir='ltr' id='par_1_9' title="bbox 758 4532 985 4671">
     <span class='ocr_line' id='line_1_43' title="bbox 758 4532 985 4671; baseline 0 -23"><span class='ocrx_word' id='word_1_423' title='bbox 758 4532 985 4671; x_wconf 54' lang='lat' dir='ltr'><em>w</em></span> 
     </span>
    </p>
   </div>
   <div class='ocr_carea' id='block_1_3' title="bbox 0 0 1844 5430">
    <p class='ocr_par' dir='ltr' id='par_1_10' title="bbox 0 0 1844 5430">
     <span class='ocr_line' id='line_1_44' title="bbox 0 0 1844 5430; baseline 0 0"><span class='ocrx_word' id='word_1_424' title='bbox 0 0 1844 5430; x_wconf 95' lang='lat' dir='ltr'> </span> 
     </span>
    </p>
   </div>
  </div>
 </body>
</html>
