3646 5430
438 353 762 433 ACADEMIAE
820 356 1153 434 HISTORIA.
1177 350 1329 436 [mlv.
1405 365 1408 369 ⁴
1514 381 1540 432 rt

217 448 291 521 Vl.
315 448 354 521 ln
367 448 466 521 oculo
478 451 634 523 artificiali
647 447 783 549 idipsum
795 448 871 524 licet
887 459 1046 552 experiri,
1068 453 1090 524 ιι
1107 455 1215 526 charta
1230 453 1353 554 pertusa
1372 442 1479 528 multis
1491 377 1538 526 ⁹fo·
1556 446 1657 548 Opil·

167 542 358 617 nminibus
369 548 456 615 vitro
470 554 639 627 anteriori,
655 548 744 642 quod
757 553 900 617 tunicam
913 574 1064 621 corneam
1075 547 1226 637 exhibet,
1244 550 1286 622 stc
1305 555 1539 639 admoveatur,
1557 569 1607 618 ca.
1663 584 1670 598 ·

170 664 215 711 ιιι
231 639 346 712 charta
357 641 489 713 candida
503 667 572 739 quae
585 648 685 729 retine
695 667 810 713 munus
825 640 915 731 obit,
927 648 960 714 in
973 646 1246 717 variadistantiad
1260 653 1345 719 vitro
1360 650 1447 740 quod
1464 674 1541 746 cry-

172 736 297 807 stallini
310 736 387 808 loco
446 744 550 824 nimt‚
563 739 662 809 modr's
676 744 708 808 in
724 736 792 837 ipso
806 741 968 810 radiorum
982 742 1150 828 concursu,
1162 743 1262 812 modo
1276 741 1411 843 propitls
1421 748 1542 816 admo-

171 854 314 920 veatur,
333 763 533 932 autldngitls
545 832 586 904 ab
601 857 642 902 eo
660 858 875 909 removeatur.

222 933 321 1004 Vll.
359 934 406 1000 Ex
429 931 467 998 iis
485 937 518 1002 &
543 927 609 1001 aliis
636 954 707 1025 quae
731 936 778 1000 vir
803 927 999 1001 dudliffimus
1015 926 1140 1025 subjicit
1158 937 1405 1029 experimentis,
1426 956 1462 1005 ut
1481 959 1540 1006 cu·

171 1022 291 1127 jusque
304 1024 390 1096 vistis
403 1021 573 1096 noscantur
595 1030 676 1095 vires
695 1050 733 1095 ac
749 1031 942 1096 mutationes
966 1049 1036 1118 quae
1062 1032 1095 1095 in
1116 1026 1218 1097 oculis
1235 1025 1316 1101 liunt
1339 1088 1350 1119 ,
1374 1040 1407 1104 δι
1429 1055 1538 1102 ιιιιιιιιι

172 1118 351 1192 concursus
366 1122 528 1192 radiorum
551 1121 635 1192 ultra
652 1145 717 1205 ,an
736 1124 816 1191 citra
839 1125 974 1190 recinam
987 1117 1043 1191 liat
1065 1131 1079 1214 (
1097 1120 1209 1193 namsi
1228 1124 1331 1195 altero
1352 1150 1390 1196 ex
1414 1126 1538 1199 duobus

170 1213 394 1288 foraminibus
408 1216 526 1288 charta:
543 1214 709 1307 obdudlo,
732 1211 849 1313 species
867 1219 911 1284 rei
924 1214 1057 1306 objecta
1076 1243 1114 1289 ex
1135 1221 1246 1290 eadem
1271 1245 1359 1318 parte
1385 1223 1537 1294 oblitere-

169 1329 255 1398 tur,
273 1311 445 1383 concursus
462 1314 623 1384 radiorum
637 1309 673 1381 fit
690 1318 769 1382 citra
788 1316 922 1383 retinam
943 1339 952 1382 ι
972 1336 1102 1400 contra,
1126 1312 1203 1385 liex
1225 1339 1313 1428 parce
1332 1316 1428 1389 altera
1452 1322 1538 1388 ima-

168 1430 223 1505 go
236 1413 282 1476 rei
296 1406 438 1480 deleatur
462 1465 472 1496 ,
501 1405 670 1477 concursus
685 1405 738 1479 fiet
756 1407 837 1477 ultra
851 1411 986 1477 retinam
1007 1433 1016 1478 ι
1036 1411 1048 1495 l
1069 1415 1112 1480 Ex
1130 1417 1195 1498 iis,
1225 1436 1384 1507 inquam,
1401 1419 1537 1485 omnino
1619 1481 1623 1485 .

172 1500 349 1573 conficitur
359 1501 513 1574 diversam
523 1529 589 1572 non
600 1499 661 1573 else
673 1501 759 1574 oculi
771 1501 1088 1593 conformationem,
1102 1502 1155 1577 seu
1165 1510 1316 1607 propiora
1330 1563 1341 1594 ,
1358 1508 1411 1580 seu
1423 1534 1535 1586 temo-

169 1601 265 1672 tiora
275 1606 434 1670 intueatur
446 1598 585 1693 objcsta

232 1695 333 1793 Qud
349 1693 371 1764 fi
386 1700 472 1765 enim
489 1695 600 1767 oculus
624 1700 668 1766 ita
685 1692 723 1767 ιιι
741 1691 962 1768 conformatus
983 1754 994 1785 ‚
1016 1719 1051 1770 ut
1073 1695 1218 1768 distinete
1241 1717 1350 1770 cernat
1371 1699 1535 1778 ob'rdlum

172 1787 381 1887 sesqui-pede
396 1815 559 1864 remotum
575 1847 585 1878 ,
611 1793 762 1863 mutanda
775 1797 836 1861 erit
852 1799 918 1886 ejus
932 1790 1033 1891 figura
1048 1850 1059 1884 ‚
1073 1815 1108 1864 ut
1123 1794 1209 1864 idem
1224 1792 1388 1888 objcdlum
1408 1733 1458 1866 ιιι
1477 1824 1537 1895 pe·

168 1887 271 1960 dibus
285 1886 399 1957 distans
413 1885 586 1986 conspiciat
606 1899 692 1984 juxta
705 1912 818 1966 eorum
832 1883 1019 1960 sententiam
1045 1946 1056 1977 ‚
1084 1886 1213 1984 quibas
1233 1892 1320 1960 oculi
1346 1897 1539 1964 mutationes

174 2005 398 2083 propugnant.
422 1985 491 2079 lam
509 1982 562 2052 ubi
577 2012 632 2080 per
645 1984 787 2054 chartam
800 1981 918 2080 duplici
931 1984 1093 2055 foramine
1107 1983 1264 2082 pertusam
1276 1987 1358 2054 idem
1374 1984 1438 2082 objr
1448 1988 1540 2060 stum

172 2078 310 2177 aspicit,
329 2085 418 2172 juxta
440 2105 553 2148 eorum
579 2075 782 2245 hppothesnn
808 2103 908 2148 unum
935 2091 969 2153 &
994 2078 1125 2178 fimplex
1144 2080 1229 2152 videt
1249 2077 1435 2175 objectum,
1462 2107 1539 2153 cum

172 2196 286 2272 aptam
302 2171 377 2242 huic
390 2177 433 2243 tei
447 2176 585 2245 videndae
622 2199 735 2273 gutam
751 2176 875 2260 induit,
891 2184 924 2248 δι
941 2198 1049 2246 tamen
1066 2175 1210 2273 duplexa
1237 2199 1334 2272 paret·
1373 2181 1455 2249 Non
1476 2184 1539 2276 igi-

136 2289 138 2292 ’
167 2267 354 2351 ,tur-oculus
364 2294 487 2342 novam
503 2271 638 2369 figuram
651 2292 706 2341 aut
720 2268 1013 2340 conformationem
1027 2277 1132 2367 cepit,
1147 2293 1183 2340 uc
1196 2204 1359 2362 oljeetum
1380 2271 1428 2343 fex
1447 2278 1541 2372 pedi-

172 2353 239 2436 bus
252 2387 414 2437 remotum
429 2390 570 2438 cerneret
583 2425 592 2456 ,
607 2390 638 2437 at
665 2366 825 2435 ueeadem
839 2365 883 2432 cll
897 2370 1048 2463 cujusque
1061 2367 1213 2438 distanciae
1225 2372 1307 2436 ratio
1331 2395 1342 2439 ι
1365 2392 1441 2441 nam
1457 2368 1541 2441 ultra

165 2455 315 2559 spatium
329 2456 380 2530 sex
396 2462 513 2558 pedum
528 2466 605 2533 radii
620 2393 707 2533 vilut
720 2459 861 2556 paralleli
875 2456 1007 2531 subeunt
1022 2460 1190 2558 pupillam.

223 2561 337 2633 Vlll.
360 2561 478 2652 Neque
492 2562 522 2628 id
536 2561 599 2629 diti
612 2558 715 2654 potest
726 2580 763 2625 ex
772 2552 958 2652 interpositu
969 2556 1084 2626 chartae
1096 2553 1162 2624 fieri
1172 2555 1315 2653 aliquam
1327 2562 1539 2631 mutationem

169 2657 217 2726 -in
229 2654 339 2726 uculo.
366 2655 460 2731 ‚Nam
474 2649 590 2725 eodem
613 2653 714 2723 modo
727 2652 764 2720 de
780 2644 843 2748 ipsa
862 2653 1005 2721 distantia
1020 2653 1219 2747 judicamus,
1244 2651 1298 2724 seu
1313 2659 1400 2728 nudo
1418 2654 1536 2744 oculo,

173 2747 236 2822 seu
250 2774 306 2846 per
317 2748 428 2821 chartae
448 2746 608 2820 foramina
621 2775 667 2819 tes
681 2752 861 2819 intueamur
875 2745 1026 2839 objrdlas.

209 2850 275 2916 *Et
309 2846 439 2942 quidem
463 2870 539 2915 cum
558 2849 649 2916 nudis
675 2842 776 2914 oculis
800 2840 882 2914 bene
904 2841 1116 2913 conformatis
1141 2847 1288 2931 utimur,
1317 2869 1352 2918 ut
1374 2847 1540 2941 objcdlum

171 2937 375 3039 sesqui-pede
389 2964 576 3028 remotum,
596 2941 778 3015 &alterum
795 2933 844 3007 sex
862 2936 993 3036 pedibus
1012 2939 1126 3008 distans
1139 2942 1341 3029 intueamur,
1363 2969 1430 3014 non
1442 2969 1477 3014 ea
1497 2943 1543 3015 cst

173 3040 445 3131 interutrumque
459 3031 816 3134 spatinmdilsetentia,
840 3060 875 3106 ut
900 3040 933 3104 in
957 3033 1113 3103 concursu
1137 3036 1297 3104 radiorum
1319 3037 1541 3112 confusionem

171 3135 330 3204 inducat:
345 3141 378 3204 &
389 3156 495 3202 tamen
510 3159 565 3228 per
580 3136 644 3203 duo
655 3129 769 3201 chartae
781 3126 938 3200 foramina
950 3129 1114 3224 objedlum
1132 3129 1259 3226 longitls
1273 3158 1434 3204 remorum
1452 3136 1542 3204 vide-

165 3225 265 3299 bitur
277 3228 414 3326 duplex,
430 3252 501 3323 quae
513 3225 690 3299 differentia
703 3223 968 3322 simplicivifione
980 3248 1046 3295 non
1061 3230 1257 3324 percipitur:
1273 3253 1347 3301 nam
1357 3253 1395 3300 ex
1406 3252 1542 3327 utraque

171 3325 325 3394 distantia
339 3326 429 3421 aqui
443 3324 589 3398 distinete
599 3326 698 3396 videri
712 3322 838 3414 objesla
850 3322 1052 3395 arbitramur.

227 3422 331 3516 Qud
351 3442 541 3490 autemnon
560 3418 778 3512 sinealiquad
795 3413 947 3487 fficnltate
970 3426 1003 3489 δι
1027 3415 1170 3488 molestia
1191 3416 1303 3488 oculus
1330 3442 1403 3489 ante
1429 3425 1462 3490 in
1480 3419 1543 3489 ob.

174 3517 302 3612 jcfflrm
320 3511 453 3614 propitls
468 3519 626 3602 intentus,
645 3521 679 3584 in
694 3511 858 3604 objedlum
875 3510 1003 3608 longitls
1021 3535 1182 3582 remotum
1197 3513 1343 3583 distitisse
1356 3517 1542 3584 intuendum

173 3636 386 3683 convertatur
405 3637 413 3681 ι
431 3609 513 3695 hoc,
526 3616 658 3705 inquam
671 3667 680 3695 ,
695 3604 849 3678 ttonhinc
863 3610 985 3692 oritur,
1005 3607 1093 3702 quoi
1111 3631 1190 3702 opus
1207 3603 1241 3673 stt
1259 3607 1371 3701 aliquo
1390 3602 1544 3704 temporis
1580 3658 1592 3679 .

172 3705 284 3804 spatio
296 3764 306 3792 ,
320 3732 355 3777 ut
368 3705 479 3775 oculus
491 3710 566 3802 apte
579 3706 608 3775 se
622 3704 766 3803 disponat
781 3701 821 3770 ad
836 3706 1015 3772 remotioris
1025 3699 1144 3791 objecti
1162 3695 1384 3796 prospectum:
1401 3697 1450 3772 sed
1469 3706 1546 3796 quia

172 3810 315 3895 latetque
326 3808 390 3873 axis
405 3799 491 3870 oculi
506 3808 538 3871 in
548 3806 633 3871 idem
645 3801 800 3900 punstttm
815 3822 880 3867 non
890 3792 1069 3893 finealliqua
1086 3797 1230 3866 molestia
1245 3797 1287 3866 cll
1301 3801 1544 3872 convertimus.

170 3899 282 3995 Qud
295 3904 392 3969 etiam
408 3898 524 3967 accidit
535 3954 544 3982 ,
556 3923 630 3968 cum
640 3923 707 3968 uno
720 3901 880 3965 intuemur
892 3893 990 3963 oculo
1008 3919 1016 3965 ι
1034 3894 1125 3989 quod
1142 3888 1249 3963 assucti
1264 3889 1357 3963 fimus
1371 3892 1541 3964 oculorum

168 4016 254 4068 axes
264 3997 299 4063 in
313 4019 387 4064 eum
402 3992 512 4062 locum
526 4017 738 4080 convertere,
761 3998 851 4068 cuius
873 3989 1018 4061 distantia
1040 4012 1217 4082 utcumque
1239 3992 1411 4085 percipitur
1440 4014 1546 4061 :cum

166 4088 370 4192 perculsum
386 4091 532 4186 opticum
545 4088 671 4178 ubjcdia
685 4086 773 4159 sarid
786 4083 888 4158 dissita
907 4090 1068 4157 intuemur
1086 4143 1096 4174 ,
1123 4083 1238 4154 eodem
1269 4084 1368 4156 oculo
1387 4142 1398 4173 ,
1421 4085 1546 4158 nullam

174 4181 350 4289 propterea
361 4188 539 4282 experimur
554 4182 790 4257 difficultatem.

166 4332 172 4339 -
235 4288 304 4354 ιΧ.
336 4287 408 4354 Nec
427 4275 494 4348 sola
516 4279 766 4379 utriusque-axis
788 4279 926 4350 diredlio
939 4279 1023 4351 hanc
1041 4275 1264 4352 difficultatem
1285 4284 1366 4375 parit
1387 4335 1397 4365 ,
1427 4274 1478 4345 sed
1510 4283 1546 4348 δι

172 4378 310 4482 pupille
323 4378 471 4448 dilatatio
486 4432 493 4452 ,
510 4399 585 4446 cum
603 4381 757 4448 remotius
770 4377 816 4445 cll
829 4373 1015 4469 objedlum,
1040 4384 1073 4449 δι
1095 4375 1282 4448 consttidlio
1299 4430 1309 4460 ,
1325 4372 1455 4442 cumell
1467 4393 1547 4466 pta-

176 4484 252 4576 pins
271 4531 281 4554 ,
308 4473 453 4545 nonnihil
478 4479 637 4544 momenti
657 4470 763 4545 affert.
791 4477 883 4544 Nam
895 4477 953 4542 lris
967 4478 1074 4543 tunica
1089 4499 1126 4545 ex
1144 4476 1291 4541 omnium
1314 4493 1396 4566 pene
1410 4462 1545 4538 confen-

169 4574 216 4649 isu
231 4569 389 4644 musculus
403 4567 538 4667 quidam
551 4572 594 4639 est
613 4627 624 4656 ,
646 4575 702 4665 qui
722 4566 875 4664 pupillam
889 4571 998 4640 -ardlat
1024 4627 1033 4658 ,
1060 4595 1135 4640 curn
1155 4592 1223 4639 tem
1245 4565 1314 4659 plus
1340 4553 1548 4634 satiscollus-

167 4691 302 4742 atatam
317 4673 499 4750 iutuemur,
517 4687 558 4735 ne
575 4668 653 4737 radii
666 4662 875 4736 confertiores
892 4664 1005 4737 laedant
1021 4689 1190 4761 organum.
1213 4661 1315 4756 Qrod
1338 4662 1471 4756 experiri
1497 4654 1549 4726 sa-

179 4766 247 4857 §ils
264 4768 310 4840 est
325 4770 360 4838 in
371 4766 498 4864 puetis,
517 4785 659 4859 quorum
676 4758 796 4862 pupilla
820 4759 969 4840 citissimi
990 4759 1141 4837 dilatatur
1161 4756 1444 4854 &constringitur
1461 4787 1471 4845 ς
1491 4753 1546 4824 ad·
