3646 5430
296 341 351 444 aa
616 367 805 440 arcta
868 356 1311 436 scrrnrrraurt
1442 444 1447 452 p

158 491 277 564 ‘Am
294 464 425 549 cendit,
445 461 535 558 qubd
558 457 613 532 illa
630 468 722 535 citius
736 457 928 547 incalescat,
950 458 1017 529 hac
1039 457 1183 534 tardius,
1207 476 1304 550 atque
1325 451 1409 526 aded
1434 451 1496 528 illa
1509 453 1547 529 fit
1566 457 1636 530 suba

159 592 249 661 ,632⁰
293 560 402 646 tilior,
417 553 635 629 haeccrassior.
661 563 737 656 Qa
760 557 891 659 quidem
914 559 1038 626 ratione
1057 576 1148 650 aqua
1174 574 1285 622 omues
1308 574 1384 621 cum
1405 574 1496 649 aqua
1524 552 1633 652 pmii

289 649 362 818 suni
380 652 587 846 lcoidaiidque
612 773 699 846 aqua
721 743 807 816 lee
832 729 988 836 dm!
1014 739 1102 812 dim
1126 765 1161 828 ²5
1192 739 1342 837 gf²dib⁰⁸
1365 742 1461 816 Μ
1492 742 1631 820 com

287 842 334 914 dit
360 869 460 942 quam
482 843 646 942 putealis,
668 866 759 938 aqua:
780 836 938 927 Bufonum
968 863 1010 908 21
1032 893 1043 923 ‚
1066 861 1149 932 aque
1167 837 1206 906 de
1229 838 1335 931 ΒΑΝ)
1365 853 1413 912 16
1435 895 1448 926 ,
1478 834 1519 904 de
1539 842 1626 913 Mat·

286 953 391 1005 tourte
409 965 478 1032 15,
508 933 547 1002 dc
575 945 796 1030 Requencrurt
822 959 862 1027 ¹4
885 989 896 1018 ,
918 936 952 1006 S.
973 936 1059 1006 Petri
1091 957 1136 1019 7,
1162 935 1199 1005 S.
1227 938 1364 1004 Antonii
1389 939 1408 1009 8
1435 989 1446 1017 ,
1469 937 1626 1009 Triarm'r

285 1062 333 1120 7,
355 1029 398 1100 du
419 1030 562 1130 Chesnay
586 1064 613 1130 5.
637 1038 736 1129 Aqua
755 1035 790 1105 S.
806 1031 889 1125 Cyri
912 1054 980 1100 20:
1005 1024 1159 1126 saponem
1178 1033 1269 1100 citius
1287 1025 1356 1101 hac
1377 1026 1521 1101 diffolrit
1542 1054 1623 1128 qoam

287 1129 344 1199 reli
371 1153 389 1197 tr
419 1185 428 1202 .
1662 1186 1664 1201 .

339 1154 417 1298 1an
438 1232 484 1300 Ex
511 1230 550 1299 iis
575 1250 645 1323 qua
674 1223 745 1320 post
761 1219 1001 1292 distillationem
1018 1222 1052 1289 in
1079 1217 1182 1290 fundo
1205 1214 1289 1291 vafis
1309 1217 1491 1293 resederunt
1508 1219 1621 1298 hebor
1662 1216 1664 1299 !

286 1323 340 1389 vix
363 1319 465 1391 ullum
482 1326 637 1416 judicium
659 1318 726 1389 fieri
751 1322 885 1414 potuit,
906 1338 981 1384 cum
1000 1339 1169 1413 perparum
1198 1337 1288 1386 terrae
1313 1319 1347 1386 in
1369 1313 1525 1389 omnibus
1541 1313 1619 1388 subii-
1662 1350 1664 1367 ¹

286 1413 361 1486 dere
374 1412 474 1486 visum
501 1415 605 1489 fuerit·
648 1421 750 1512 Aquae
774 1410 859 1480 Vtile
879 1406 1033 1498 d’Avray
1055 1418 1089 1481 &
1106 1411 1248 1479 Trianon
1268 1404 1463 1483 solutionem
1484 1415 1618 1485 Metotn'i
1662 1416 1665 1445 ²

286 1508 454 1605 aliquanto
467 1519 568 1611 magis
582 1512 751 1583 turbarunt
771 1530 870 1603 quam
895 1502 1035 1598 reliqua.
1077 1507 1152 1578 Nec
1173 1508 1343 1577 deteriores
1362 1501 1436 1577 visa
1456 1502 1528 1579 sunt
1545 1530 1619 1604 aque

286 1601 342 1695 1115
365 1631 477 1678 omnes
497 1632 596 1703 quam
611 1612 683 1703 qusae
701 1605 878 1696 judicantur
891 1596 1078 1673 salubriores
1097 1626 1106 1670 t
1129 1597 1305 1694 cujusmodi
1320 1603 1365 1673 est
1380 1624 1468 1697 aqua
1480 1604 1620 1701 Sequar:

287 1722 345 1769 aut
366 1725 436 1796 quae
448 1727 506 1802 pet
536 1704 742 1798 aquadudus
758 1700 776 1767 ὲ
791 1703 866 1769 vico
889 1695 1008 1806 Rungis
1031 1698 1191 1766 Lutetiam
1216 1695 1380 1768 deducitur
1396 1723 1408 1808 ι
1435 1697 1515 1768 adeo
1540 1722 1576 1816 up
1593 1718 1622 1807 cx

286 1789 366 1964 {glund
382 1794 462 1886 usu,
493 1824 556 1897 que
581 1797 691 1897 tegula
712 1795 757 1872 est
779 1793 886 1868 multo
907 1786 1091 1880 tutrffima,
1120 1791 1160 1863 de
1188 1813 1298 1864 earum
1324 1791 1472 1866 bouttaue
1496 1791 1533 1868 fit
1553 1796 1623 1890 pud:

334 1919 488 2065 Cdffii).
502 1992 580 2088 Joly
598 1991 741 2062 medicus
753 1993 787 2058 itt
805 1988 926 2088 oppido
946 1980 984 2050 de
999 1987 1033 2048 V
1031 1982 1101 2077 ichy
1120 1983 1205 2081 apud
1219 1983 1382 2056 Arvernos
1395 1984 1533 2060 multum
1545 2009 1623 2064 exet.¹

285 2084 597 2250 iiiiiiquisdm
612 2089 1004 2251 ‘iiiii”⁶52“‘ii¹i
1020 2076 1625 2254 ir‘ffliiiiuiiidi‘iiiiffi

283 2274 405 2364 eradie-
436 2204 806 2372 idgddnib’universon'r
830 2201 893 2345 fuiqt
915 2264 1103 2340 conclusum
1119 2265 1196 2342 sales
1221 2269 1293 2343 illos
1313 2265 1376 2340 effe
1397 2272 1624 2366 lixivirles,&

283 2363 493 2463 detergentes.
530 2376 735 2444 Necmirum
750 2367 773 2439 st
787 2365 830 2438 ob
855 2391 927 2437 eam
944 2362 1071 2437 causam
1095 2370 1222 2459 Lutetiq
1243 2369 1340 2436 etiam
1359 2390 1451 2439 nunc
1470 2372 1551 2443 adeo
1573 2368 1625 2446 dot

284 2455 417 2553 ufitate:
445 2491 521 2537 nam
536 2468 624 2538 acida
639 2463 797 2536 fermenta
813 2461 1009 2546 emendant,
1030 2483 1130 2558 atque
1142 2486 1256 2533 eorum
1269 2462 1356 2534 velut
1375 2462 1510 2537 aculeos
1525 2491 1623 2540 terrm.

283 2552 373 2629 dunt.
395 2560 451 2632 sal
467 2558 566 2635 fontis
584 2562 669 2633 illius
684 2566 740 2658 qui
752 2559 781 2625 le
821 2561 877 2627 erit
896 2556 1012 2624 Brulet
1029 2581 1231 2654 nuncupatur
1244 2613 1255 2643 ,
1269 2583 1323 2652 pte
1337 2562 1460 2631 deteris
1471 2561 1517 2631 est
1529 2563 1626 2635 detet-

281 2671 382 2812 gefls’
404 2655 549 2730 colorem
560 2655 686 2728 fuscum
700 2679 764 2755 prae
795 2653 909 2740 efert,
928 2677 1004 2725 curn
1019 2649 1142 2725 aiiismt
1159 2653 1307 2743 candidi,
1321 2661 1356 2726 δι
1369 2653 1439 2728 fere
1450 2678 1488 2728 ot
1499 2657 1627 2758 crystaiii

305 2767 322 2810 e
347 2770 475 2825 uceant.

281 2768 303 2840 P
335 2845 378 2916 V.
406 2849 506 2919 [esta
527 2849 572 2919 est
586 2848 718 2949 epistola
732 2853 795 2921 viri
816 2839 943 2929 Clariis.
967 2850 1015 2918 D.
1044 2848 1114 2918 Piat
1131 2846 1214 2945 apud
1240 2843 1446 2921 carnotenses
1465 2848 1630 2926 Advocati

281 2931 379 3032 Regii
398 2943 439 3013 ad
465 2949 511 3017 D.
527 2946 658 3018 Dodart
681 2948 751 3017 dea
779 2971 817 3015 ua
833 2941 978 3018 minetali
999 2965 1067 3038 quae
1087 2942 1131 3011 est
1154 2966 1256 3040 prope
1277 2967 1386 3013 muros
1406 2941 1627 3022 Carnutenses.

280 3029 380 3106 Hanc
401 3035 614 3137 ferrugineam
632 3041 692 3112 effe
708 2971 864 3112 exibimat
888 3062 992 3109 :nam
1015 3034 1207 3109 solutionem
1256 3036 1326 3108 allae
1352 3035 1500 3137 subnigro
1519 3041 1628 3114 coiore

218 3166 227 3176 .
277 3126 385 3294 tingit.
409 3133 489 3205 Illud
504 3137 680 3206 admodum
690 3133 855 3230 probabile
863 3135 907 3204 est
918 3133 1007 3229 quod
1020 3139 1069 3204 vir
1079 3134 1191 3202 dostus
1203 3062 1399 3230 suipicatur,
1411 3134 1496 3215 hanc
1507 3161 1627 3232 aquam

280 3219 298 3291 ὲ
343 3236 420 3302 urio
435 3236 444 3301 i
469 3230 503 3300 so
516 3255 572 3328 per
591 3255 708 3302 terram
725 3227 887 3321 cujusdam
927 3233 986 3301 tati
1002 3227 1201 3328 percolatam
1213 3234 1281 3298 vim
1294 3228 1370 3299 ferri
1384 3253 1443 3301 aut
1462 3232 1624 3308 vittioliiu

276 3317 347 3427 {pso
360 3258 494 3397 traniitu
509 3324 708 3399 contrahere.
733 3325 832 3418 Qud
853 3255 962 3395 mubtis
981 3323 1097 3422 probat
1117 3324 1263 3408 indiciis,
1279 3348 1320 3393 eo
1333 3326 1520 3422 imprimis,
1538 3328 1620 3423 quod

275 3437 310 3481 tn
325 3413 415 3493 bellis
429 3419 574 3492 civilibus
586 3447 623 3493 ex
635 3445 676 3490 ea
688 3444 776 3520 parte
786 3442 852 3515 qua
866 3418 940 3490 urbs
953 3417 1014 3491 fuit
1028 3440 1214 3531 oppugnata
1227 3475 1238 3505 ,
1251 3417 1402 3492 &hostes
1418 3444 1497 3494 cum
1509 3446 1619 3520 magna

275 3506 367 3588 clade
388 3514 501 3615 repulit
521 3573 532 3606 ,
554 3523 611 3614 qui
627 3521 795 3589 tormentis
813 3521 847 3585 dc
869 3513 973 3612 globis
994 3514 1102 3585 ferrers
1119 3511 1164 3582 ibi
1185 3514 1301 3585 relidis
1325 3511 1493 3610 fugerunt.
1526 3522 1617 3591 Terra

273 3607 421 3708 rubigine
433 3614 508 3685 ferri
527 3613 655 3685 imbuta
668 3637 791 3706 aquam
806 3608 906 3681 fontis
917 3605 974 3679 sua
990 3614 1107 3681 virtute
1121 3607 1249 3683 imbuit.
1269 3609 1339 3704 Jatn
1354 3631 1429 3680 ante
1446 3612 1616 3712 complutos

213 3725 217 3730 ·
272 3722 376 3868 {traps
388 3709 541 3821 quasdam
555 3712 596 3782 ad
616 3717 660 3783 D.
677 3710 804 3780 Dodatt
821 3730 861 3777 ea
879 3705 917 3776 de
944 3730 978 3777 re
996 3699 1123 3776 miserat
1134 3702 1300 3802 epistolas,
1312 3725 1383 3801 quae
1395 3702 1486 3776 12&ae
1497 3709 1613 3782 fueraut

271 3817 306 3929 ‘m
323 3807 616 3992 Vlcddffliadtae
640 3897 710 3972 sunt
727 3901 912 3997 plantatum
937 3896 1082 3999 analyses
1103 3893 1220 3968 referre
1237 3895 1318 3968 nihil
1341 3896 1466 3972 neceffe
1486 3903 1544 3978 est.
1578 3900 1607 3972 ld

270 4007 371 4056 unum
386 3994 615 4066 advertendum
627 3997 747 4094 puto,e
765 3996 973 4094 purgantibus
1027 3989 1213 4088 ranalysrm
1223 3992 1396 4088 exploratis
1406 3995 1604 4070 multumolu'

268 4103 305 4152 ut
319 4083 493 4178 plurimum
508 4091 600 4163 educi
614 4148 625 4180 ,
639 4115 676 4161 ex
691 4090 833 4189 Jalappae
846 4117 878 4165 v.
892 4118 924 4189 g.
954 4117 972 4160 2
1007 4088 1080 4159 ibris
1101 4144 1113 4176 ,
1142 4112 1159 4154 2
1177 4086 1239 4158 olei
1260 4092 1360 4157 unciae
1381 4115 1458 4162 curn
1473 4121 1489 4189 5
1504 4090 1603 4166 dtacb·

265 4181 330 4248 mis
345 4186 493 4253 extracta
511 4181 582 4258 sunt
599 4189 644 4280 ςὲ
667 4181 764 4260 senna
781 4210 844 4261 tres
862 4192 963 4261 unciae
978 4185 1087 4258 olei&
1111 4209 1133 4273 7
1152 4182 1331 4270 dtacbmae,
1347 4181 1418 4257 salis
1436 4187 1600 4279 volatilir4
1665 4263 1667 4287 p

268 4273 425 4347 drachma
439 4281 569 4359 edudiae,

313 4375 368 4441 Sic
384 4375 537 4449 diuretica
553 4379 627 4450 oleo
651 4390 685 4452 δι
702 4377 763 4450 sale
783 4378 972 4478 plerumque
992 4375 1153 4450 abundare
1170 4381 1340 4451 cernimus.
1362 4375 1518 4478 Asparagi
1528 4376 1597 4450 tad·
1657 4436 1668 4479 Ξ

263 4490 316 4539 ces
331 4498 356 4561 4
370 4466 523 4544 librarum
545 4477 682 4574 pondere
702 4501 799 4546 unam
820 4480 947 4546 unciam
959 4475 1023 4546 otei
1040 4473 1217 4543 admodum
1230 4471 1336 4545 ftetidi
1355 4482 1390 4546 ἀ
1413 4481 1524 4576 nigri,
1542 4469 1598 4545 sd'u

261 4561 464 4660 aliquantum
485 4569 663 4664 lixivialisr
688 4571 856 4653 drachmas
875 4569 1045 4669 praebuete.
1591 4604 1594 4613 ⁴
1653 4622 1668 4659 ,

315 4670 412 4739 v11.
447 4663 513 4736 Sub
532 4667 618 4737 idem
635 4690 760 4766 tempus
780 4667 865 4737 aliud
892 4669 1145 4834 experimentum
1165 4662 1366 4761 Chymicum
1394 4663 1537 4739 exhibuit
1562 4664 1598 4735 Di
1664 4742 1668 4759 ι

267 4761 438 4841 bourdelin
445 4818 457 4856 ,
478 4760 620 4862 chalybis
642 4762 823 4838 limaturam
831 4785 917 4861 aqua
965 4784 1007 4861 pe
1017 4757 1201 4861 perfusam,
1214 4782 1285 4836 tum
1295 4757 1597 4858 exficcatarustimit
1652 4882 1657 4886 .
