3646 5430
289 387 356 454 266
619 378 817 451 Recta
856 367 1314 447 SCIENTlARUM
1421 424 1425 434 .

160 471 223 541 Αιι
235 493 271 542 ιι.
289 474 470 545 iSiamensr
489 497 588 569 regno
603 474 736 544 allatum
751 470 874 556 suerat,
888 475 933 540 uti
951 475 986 540 δι
1002 463 1163 551 cujusdam
1182 468 1306 536 Lacerti
1328 464 1348 536 l
1370 466 1408 538 P.
1427 468 1510 536 sene
1524 461 1637 543 miffim

161 569 254 638 1688.
286 566 530 668 descriptionem
550 568 716 639 exhibuit:
739 566 949 658 hnicToquer
968 586 1088 632 nomon
1108 560 1267 648 inditum,
1284 560 1375 657 qnod
1387 562 1463 632 duas
1481 558 1552 631 illas
1576 557 1632 678 syl·¹

288 663 374 735 labas
391 664 583 735 articulatim
607 673 640 734 δι
658 663 808 732 distinere,
818 663 1015 754 pronuntiet.
1070 733 1073 740 ,
1620 752 1623 756 ¹

339 766 480 830 Exeunte
493 758 557 828 hoc
569 784 655 829 anno
667 755 795 827 alterius
810 759 934 828 Lacerti
950 750 1067 851 pellem
1081 751 1187 824 attulit
1206 760 1251 828 D.
1266 752 1305 824 de
1324 749 1527 851 lachapelle
1547 775 1626 850 quern

289 858 452 929 indiarum
468 851 582 924 incolae
600 848 853 954 expugnatorem
866 848 994 920 urbium
1012 846 1143 939 beant.
1490 902 1493 907 .

688 1136 995 1267 ‘capus
1104 1178 1216 1266 ιιι.

787 1403 841 1470 De
863 1368 971 1468 nebris
995 1382 1154 1505 Plryficis.

287 1605 314 1673 1.
373 1600 454 1672 Llud
478 1605 561 1674 circa
585 1599 726 1673 calorem
747 1600 770 1671 al
790 1607 835 1676 D.
850 1605 889 1674 de
907 1600 940 1672 la
958 1596 1114 1698 Chapelle
1135 1595 1335 1698 propositum
1350 1599 1460 1692 primo
1476 1593 1547 1669 looa
1570 1621 1619 1699 po:

372 1703 506 1783 nimus,
536 1695 704 1793 chalybem
734 1702 768 1769 in
788 1724 871 1796 aqua
893 1695 1015 1770 fervida
1037 1719 1078 1764 eo
1100 1699 1253 1791 temporis
1278 1689 1380 1789 spatio
1404 1690 1548 1764 relistom
1567 1721 1618 1789 qno

287 1798 409 1867 Oratio
433 1798 607 1865 Dominica
623 1797 794 1880 recitatur,
815 1818 884 1865 tum
899 1815 986 1866 exea
1005 1792 1157 1861 eductum
1170 1787 1316 1861 manibus
1328 1787 1618 1890 contrestaripoffit

285 1885 337 1960 sed
359 1888 456 1989 paulo
477 1889 547 1983 post
564 1893 609 1959 ita
630 1885 791 1962 incalescit
813 1913 849 1962 ut
862 1885 1008 1961 manibus
1023 1890 1111 1981 tangi
1128 1884 1264 1979 amplius
1278 1887 1331 1953 vix
1355 1880 1468 1980 pollis.
1492 1888 1618 1959 Horai-

285 1984 402 2070 debat,
423 1983 558 2054 frustum
577 1980 721 2078 chalybis
742 1987 857 2056 eodem
880 1985 1035 2083 temporis
1056 1979 1226 2052 intervallo
1253 1984 1335 2049 inter
1363 2003 1484 2075 prunas
1498 1981 1619 2057 ndentes

284 2077 426 2174 positum
438 2103 505 2149 non
515 2081 596 2149 adeo
608 2075 815 2168 incalescere,
828 2088 968 2177 atquein
979 2099 1066 2171 aqua
1074 2071 1228 2146 bulliente
1239 2073 1452 2152 collocatum.
1461 2074 1539 2156 Illud
1547 2103 1618 2175 qno-

285 2197 351 2338 pue
371 2173 486 2244 eodem
498 2175 548 2244 die
564 2172 696 2266 subjecit
712 2230 724 2260 ,
739 2178 778 2245 iis
799 2181 856 2272 qui
870 2173 1017 2271 argillam
1031 2167 1199 2267 subigunt,
1213 2166 1292 2267 saepe
1305 2169 1452 2242 accidere
1475 2194 1511 2245 ιιι
1523 2175 1618 2249 miani

299 2293 309 2336 r

311 2266 385 2338 lices
398 2268 495 2432 pedps
510 2270 701 2357 vulnerent,
714 2295 821 2368 neque
831 2271 918 2344 aliud
929 2267 991 2342 effe
1002 2264 1077 2337 hnic
1100 2263 1187 2336 malo
1209 2270 1315 2362 aptius
1341 2267 1521 2339 temedium
1536 2270 1617 2367 quarn

286 2382 404 2435 terram
423 2389 433 2432 ι
469 2388 534 2438 am.
627 2420 628 2423 ,
1538 2434 1543 2445 .

329 2464 386 2532 11.
411 2389 459 2531 Dp.
485 2459 578 2530 Borel
602 2464 627 2532 E
651 2460 776 2533 istolam
801 2463 890 2537 adse
914 2457 1037 2534 missam
1056 2459 1133 2555 legit
1154 2514 1166 2544 ,
1191 2460 1225 2527 in
1248 2483 1313 2554 qua
1337 2463 1465 2531 mentio
1481 2457 1517 2537 fit
1532 2456 1614 2559 οηῶ

281 2555 357 2624 darn
370 2553 470 2626 fontis
481 2551 549 2626 salsr
563 2560 596 2626 in
647 2562 786 2632 omitatu
808 2560 1019 2656 Burgundiae,
1038 2564 1125 2648 cujus
1149 2577 1240 2647 aquae
1268 2554 1415 2651 quotidie
1438 2553 1615 2632 cresum&

282 2646 483 2736 decrescunt,
499 2650 553 2719 secl
564 2651 653 2722 nulla
665 2675 752 2723 certa
768 2652 838 2749 lege
852 2691 862 2745 3
883 2653 964 2723 alter
981 2676 1072 2745 aquae
1094 2647 1197 2719 dulcis
1214 2652 1248 2747 in
1262 2650 1374 2720 eadem
1394 2655 1560 2725 Provincia
1575 2651 1614 2724 soa

280 2744 1163 2915 ‘ilSililli”iiiili’iilsslzliiirllirlss
1176 2740 1614 2943 lustalilpllff'i‘ilssil?

694 2897 705 2929 s
761 2897 770 2917 ·
1473 2898 1477 2903 “
1603 2897 1614 2932 ’

281 2934 316 3002 in
339 2957 428 3005 nares
439 2937 593 3028 injectum
607 2938 716 3009 multis
736 2941 880 3011 remedio
900 2937 990 3010 frisie
1008 2939 1136 3009 testatus
1155 2933 1215 3025 esl.
1400 2869 1448 2943 Ἠ

335 3034 412 3102 111.
445 3032 548 3104 D..de
575 3030 606 3103 la
627 3035 709 3104 Hire
734 3034 772 3106 de
794 3034 940 3107 fonteio
958 3058 1037 3131 agro
1063 3028 1289 3128 Mirapincenfi
1310 3030 1507 3129 Mirr-pois,
1533 3058 1613 3133 quem

281 3120 444 3213 fontesson
465 3147 614 3213 vomnt,
643 3125 711 3199 hzc
727 3130 839 3202 retulit
863 3158 872 3201 ι
893 3132 966 3202 aestu
992 3133 1184 3228 reciproco,
1215 3124 1268 3196 seu
1290 3123 1378 3197 fluxu
1394 3137 1429 3200 δι
1442 3128 1556 3205 refluxu
1570 3152 1613 3227 ptr

280 3243 343 3291 tres
365 3225 440 3290 anni
457 3222 578 3291 menses
597 3229 736 3318 agitante
753 3281 765 3312 ,
786 3226 966 3296 dnmmodo
989 3225 1076 3296 estas
1098 3245 1165 3292 non
1187 3218 1284 3293 suerit
1308 3221 1490 3314 imbrifera,
1508 3248 1613 3326 pernes

277 3314 365 3386 horae
380 3318 569 3412 quadrantes
580 3315 865 3414 fluit&petidcm
878 3332 1004 3417 tempus
1024 3319 1142 3392 refluit.
1345 3319 1347 3325 ’

324 3416 402 3485 1v.
428 3416 492 3483 Die
514 3438 552 3499 3,
571 3412 691 3509 Aprilis
714 3421 760 3487 D.
775 3417 816 3486 de
836 3416 867 3486 la
888 3414 1045 3512 Chapelle
1059 3415 1238 3487 Academia:
1258 3410 1362 3486 verbis
1379 3418 1478 3492 D..de
1491 3418 1614 3491 Lanos

277 3510 461 3595 nuntiavit,
481 3506 565 3579 idab
576 3531 615 3577 ea
628 3509 781 3606 postulari
794 3535 829 3583 ur
840 3533 998 3607 quantum
1008 3510 1122 3608 pluviae
1135 3514 1167 3579 in
1182 3536 1235 3580 vas
1248 3508 1377 3608 fingulis
1388 3519 1481 3583 annis
1496 3512 1614 3597 (brida,

272 3627 435 3699 wquantum
453 3603 592 3689 exhalet,
620 3611 843 3701 experimentis
860 3613 893 3679 in
908 3631 981 3677 eam
993 3630 1061 3677 rem
1075 3605 1168 3676 fabiis
1181 3607 1382 3704 exploratum
1393 3606 1614 3696 habmmm.

276 3723 343 3793 qne
365 3703 410 3779 D.
423 3699 566 3770 Sedileau
579 3697 760 3773 faciendam
778 3698 923 3798 sustepit.
1302 3788 1306 3799 .
1519 3782 1524 3793 ,
1622 3708 1624 3712 ’

331 3797 395 3863 Die
421 3819 462 3878 27
489 3793 683 3889 Septembris
703 3799 748 3867 D.
765 3798 804 3867 de
821 3797 851 3869 la
865 3803 949 3868 Hire
961 3800 1213 3896 experimentum
1227 3798 1248 3867 fa
1267 3794 1308 3869 se
1319 3799 1441 3871 sosium
1455 3804 1490 3870 in
1506 3793 1615 3872 obser·

133 3910 136 3915 ·
274 3891 402 3957 vatorio
415 3883 583 3980 exposuit,
604 3912 643 3956 ex
661 3914 728 3984 quo
743 3891 847 3989 liquet
869 3916 1027 3990 quantum
1051 3894 1164 3990 pluvia
1192 3898 1226 3962 in
1252 3917 1370 3965 tertam
1395 3897 1614 3969 dodamin

273 4003 409 4077 vapores
424 3981 562 4052 diffletur
576 3991 608 4053 or
647 4008 779 4058 uantum
795 3989 950 4080 temporis
962 3990 1126 4086 impendat
1138 3994 1172 4058 in
1185 4013 1268 4058 terra
1281 3992 1488 4086 penetranda.
1508 4046 1514 4056 .

129 4077 132 4084 '
326 4083 367 4149 V.
392 4082 478 4146 Inter
496 4076 572 4148 alias
588 4007 822 4154 oblervaerones
842 4081 989 4182 Physicis
1001 4082 1107 4178 quad
1128 4089 1166 4157 P.
1184 4084 1223 4154 de
1244 4088 1410 4184 fontenay
1431 4083 1533 4158 mill'ae
1544 4082 1614 4170 liu.

272 4168 327 4242 illa
340 4171 384 4242 est
396 4169 523 4270 infignis
537 4199 602 4269 qua
613 4176 689 4243 duas
704 4201 834 4274 magnas
847 4203 939 4273 rupes
950 4183 1144 4274 rnagneticas
1156 4236 1168 4266 ,
1182 4203 1253 4274 quae
1267 4176 1361 4274 supra
1376 4202 1611 4266 terramtenus.

272 4290 508 4339 commemorat
522 4302 534 4356 3
553 4273 652 4338 varias
667 4294 802 4368 quoque
819 4273 1044 4360 declinationes
1060 4277 1201 4346 Versotii
1217 4299 1280 4370 que
1292 4299 1407 4346 omnes
1417 4275 1610 4349 sereibm

271 4357 377 4431 versus
392 4365 606 4435 Occidentem
620 4362 818 4452 deflectunt,
834 4373 867 4438 in
880 4372 992 4439 itinere
1004 4366 1194 4444 observavit.
1655 4406 1658 4431 ι

318 4462 387 4531 vl.
412 4463 555 4530 exeunte
579 4459 762 4533 Novembri
787 4469 833 4537 D.
857 4470 1023 4560 Varignon
1036 4470 1069 4534 in
1088 4466 1284 4536 Mazatinaeo
1297 4465 1515 4557 Matbeseoe,
1537 4487 1609 4540 nme
1652 4450 1658 4567 l

267 4550 302 4619 in
316 4553 423 4649 Regio
446 4554 623 4626 Galliarum
640 4554 735 4627 Colle
760 4563 793 4629 io
804 4559 986 4648 Professor,
1001 4565 1083 4632 inter
1098 4559 1310 4634 Academicos
1322 4560 1364 4632 ab
1385 4561 1608 4640 illusteiffiriro
1654 4574 1658 4597 ⁴

269 4647 316 4724 D.
343 4649 382 4717 de
406 4651 549 4724 Louvois
567 4651 708 4721 adleblus
727 4583 801 4728 stit.
1046 4682 1049 4686 ·
1655 4651 1658 4689 ¹

323 4746 421 4853 liii.
454 4750 519 4838 Die
536 4751 640 4849 prima
655 4749 850 4826 Decembris
862 4749 948 4828 illius
969 4773 1059 4844 tetre
1076 4755 1221 4848 noers,
1240 4762 1302 4858 qui
1315 4757 1378 4864 die
1392 4747 1606 4860 (ledwoldi
