3646 5430
411 345 736 439 scaurum
793 347 1301 440 uts‘soatmnnt
1447 365 1641 521 ‘mm

1535 552 1619 628 nica.
1649 567 1652 570 ’

585 693 914 778 entur
997 687 1099 812 vt

732 915 789 981 De
802 894 973 982 Bataaica'

167 1114 198 1183 1.
304 1110 394 1180 Arias
407 1109 551 1206 stirpium
563 1104 788 1206 descriptiones
800 1115 954 1182 &earum
969 1105 1039 1180 usus
1052 1103 1210 1204 prosecuti
1225 1106 1297 1182 sunt
1315 1116 1360 1186 D.
1376 1117 1421 1187 D.
1432 1116 1522 1187 Mat-

302 1204 405 1277 chand
418 1260 428 1291 ‚
443 1212 477 1276 dt
491 1202 714 1292 Toutnefort,
728 1203 944 1301 quorumdam
960 1201 1101 1316 analpses
1112 1209 1157 1276 D.
1175 1208 1346 1278 Bourdelin
1365 1205 1521 1298 exhibuit,

167 1307 226 1399 qui
238 1324 372 1374 exeunte
386 1299 451 1372 hoc
462 1323 550 1369 anno
566 1300 843 1387 extremum-diem
862 1296 955 1373 suum
978 1296 1072 1386 obite,
1081 1321 1174 1372 natus
1184 1325 1285 1375 annos
1301 1327 1359 1395 79.
1378 1307 1438 1376 Vir
1454 1323 1525 1377 etat
1571 1376 1574 1382 ,

166 1396 312 1469 indeseffi
329 1393 446 1466 laboris
465 1451 478 1484 ,
501 1400 535 1467 in
550 1395 714 1493 Cltymiri
728 1403 760 1468 dt
776 1398 809 1464 in
825 1396 975 1467 medendi
992 1416 1059 1465 arte
1081 1394 1361 1493 experientissimus
1378 1456 1390 1486 ,
1419 1396 1525 1470 stnce-
1670 1451 1674 1457 ,

167 1517 223 1564 tus
242 1495 328 1564 idem
342 1502 375 1563 dt
388 1491 538 1563 candidus
558 1491 699 1582 ,judicio
712 1495 778 1562 acti
793 1499 828 1563 de
839 1489 1021 1589 perspicaci.
1056 1494 1143 1587 AEgri
1161 1489 1387 1590 cujuscumque
1410 1493 1524 1566 condi·

169 1593 267 1660 tionis
279 1591 318 1659 ad
334 1611 409 1658 eum
424 1584 553 1659 adibant
571 1587 610 1656 de
626 1583 752 1656 morbis
764 1591 891 1683 quique
908 1589 969 1658 suis
979 1583 1174 1663 consulturi,
1189 1591 1226 1655 iis
1237 1586 1324 1656 ultro
1340 1641 1349 1666 ,
1371 1598 1405 1661 ἀ
1427 1594 1526 1685 gratis

170 1686 250 1777 quid
266 1683 447 1755 faciendum
460 1683 650 1753 existimaret
662 1735 673 1767 ,
687 1678 764 1751 ctlm
782 1682 857 1750 vivi
869 1705 950 1753 voce
969 1739 980 1769 ,
999 1703 1068 1753 tum
1087 1676 1206 1775 scripto
1225 1680 1393 1755 consilium
1413 1681 1525 1773 dabat,

169 1777 362 1876 plerumque
376 1801 442 1846 non
457 1777 665 1848 asleverantet
675 1785 689 1862 ',
699 1772 753 1846 sed
772 1775 974 1865 dubitanter,
990 1800 1064 1846 cum
1081 1773 1182 1872 probe
1204 1771 1305 1847 nollet
1348 1805 1396 1851 uae
1414 1778 1455 1851 ad
1468 1802 1524 1850 at-

167 1893 237 1943 tem
250 1873 397 1944 medendi
411 1870 570 1969 speciant,
582 1871 650 1942 hcc
668 1875 836 1968 magnicat
849 1877 981 1970 partein
996 1872 1189 1964 conjediuris
1207 1867 1268 1942 eise
1285 1805 1397 1970 posta.

227 1972 298 2067 Jam
313 1990 350 2038 ut
360 1969 399 2037 ad
415 1991 452 2037 ea
473 1973 636 2039 veniamus
650 1991 727 2062 quae
746 1964 818 2038 sunt
831 1964 970 2059 Physreae
988 1964 1280 2061 contemplationis.

223 2071 274 2138 ll.
316 2071 360 2138 D.
384 2065 508 2134 Dodatt
524 2061 932 2160 dissertationemdscripto
956 2063 1033 2158 legit
1050 2063 1090 2132 de
1117 2058 1270 2132 arborum
1290 2062 1379 2137 velut
1403 2064 1528 2145 habire:

171 2168 241 2235 Res
254 2158 319 2259 ipsa
336 2156 432 2232 fustus
445 2169 479 2232 δι
494 2158 678 2256 explicatius
688 2162 721 2227 in
741 2160 832 2230 Astis
854 2160 1053 2230 Academicis
1065 2160 1271 2248 continetur,
1285 2168 1374 2254 cujus
1390 2160 1455 2234 hoc
1480 2164 1526 2234 est

171 2259 381 2328 summarium
401 2254 474 2322 abi
501 2251 535 2322 so
562 2256 706 2325 Audbote
737 2257 951 2327 contradam
993 2252 1114 2347 Qioad
1144 2253 1266 2347 gestum
1294 2253 1347 2325 seu
1375 2256 1524 2332 habitum
1548 2265 1572 2299 “

174 2350 356 2449 plantatum
374 2371 421 2415 tes
433 2281 645 2442 iplbvulgatis
658 2346 722 2431 est,
742 2346 967 2443 parallelismus
978 2369 1141 2416 ramorum
1154 2370 1229 2414 cum
1242 2345 1312 2418 solo
1340 2350 1431 2436 ,sive
1453 2354 1527 2448 pla-
1547 2347 1572 2396 t:

174 2470 247 2532 no,
273 2438 336 2512 five
355 2441 512 2511 inclinato
543 2445 577 2509 in
600 2439 716 2536 patulis
737 2437 926 2527 arboribus,
951 2439 1062 2536 quales
1087 2437 1157 2508 sunt
1172 2443 1313 2513 maximi
1337 2444 1526 2538 pomifera,
1547 2459 1570 2491 “

175 2549 212 2614 δι
227 2538 373 2634 quaedam
390 2533 636 2632 glandiferarum
652 2534 862 2631 sylvestrium,
874 2558 910 2607 ut
925 2543 1024 2632 Fagus
1036 2588 1047 2619 ,
1059 2539 1225 2630 Queat,
1241 2543 1275 2609 δι
1285 2539 1527 2628 Echinatarum,
1546 2555 1571 2588 “

176 2656 214 2705 ut
229 2635 382 2704 castanea.
404 2629 551 2726 vulgatis
566 2631 697 2724 quidem
711 2655 780 2715 res,
798 2624 850 2698 secl
865 2635 965 2717 mira,
981 2651 1128 2725 praterea
1146 2629 1169 2698 a
1184 2636 1312 2703 nemine
1320 2635 1410 2730 quod
1429 2627 1527 2706 sciam
1550 2652 1572 2684 “

174 2730 408 2800 animadversa.
422 2729 475 2794 Sic
484 2748 592 2796 autem
606 2720 696 2795 resse
714 2724 832 2809 babet,
856 2748 894 2796 ttt
914 2723 1069 2796 inclinato
1089 2724 1273 2821 adplenum
1290 2730 1423 2825 stipite,
1446 2735 1528 2801 tami
1550 2747 1574 2780 α

175 2820 390 2895 nihilominus
406 2821 447 2890 ad
463 2820 593 2920 planum
608 2818 668 2892 smt
687 2820 932 2916 quodammodo
972 2818 1113 2910 atalleli;
1131 2816 1267 2892 vicilstm
1276 2823 1381 2919 stipite
1393 2824 1432 2894 ad
1452 2851 1528 2922 pet·
1550 2845 1575 2879 «θ

202 2916 384 2988 endicolum
404 2917 503 2987 stante
521 2921 554 2987 in
568 2915 724 2985 inclinato
735 2911 826 3003 sold,
844 2919 925 2986 tami
936 2846 998 2987 stPnt
1019 2915 1129 2986 itidem
1153 2913 1310 2989 inclinato
1334 2914 1405 2988 solo
1426 2918 1529 3018 paral·
1551 2943 1576 2975 u

153 2944 234 3092 „seli
253 3046 263 3099 ς
283 3015 419 3106 denique
442 3011 546 3108 stipite
560 3012 675 3081 eodem
693 3009 805 3082 babitu
824 3016 858 3082 in
880 3007 1052 3109 strpetcilio
1068 3007 1150 3078 clivi
1175 3008 1275 3083 stante
1292 3015 1456 3108 utrimque
1477 3040 1530 3088 tas
1543 3040 1576 3079 aa

177 3113 227 3179 mi
254 3101 423 3203 sequantur
445 3107 591 3180 habitum
612 3101 672 3176 soli
695 3162 707 3194 ,
732 3104 797 3178 stre
815 3108 854 3177 ad
874 3107 1002 3204 planam
1020 3161 1033 3194 ,
1048 3101 1112 3176 five
1135 3103 1177 3174 ad
1194 3106 1347 3180 devexam
1364 3115 1432 3203 ejus
1452 3137 1530 3212 pat·
1551 3137 1576 3172 a

175 3224 260 3276 tem.
378 3221 384 3231 ’

230 3294 368 3368 Causam
384 3302 429 3368 rei
442 3299 494 3368 diu
508 3291 677 3372 sciscitatus
691 3301 824 3389 conjicit
840 3320 879 3368 et
893 3296 1007 3372 babitu
1030 3302 1173 3370 tadicum
1184 3305 1218 3371 dt
1231 3294 1384 3371 fibrarum
1394 3302 1533 3374 etauio·
1555 3333 1579 3368 a

178 3420 223 3468 ne
246 3393 337 3489 super
360 3397 516 3490 pundlum
536 3397 770 3464 divaricationis
790 3418 953 3464 ramorum
978 3402 1013 3464 dt
1037 3395 1180 3462 radicum
1204 3393 1327 3487 gestum
1347 3394 1435 3466 bunc
1451 3394 1533 3484 fieri,¹
1553 3430 1577 3465 a

180 3492 280 3587 idque
299 3485 486 3558 machinula
516 3490 660 3582 quadam
694 3488 736 3556 ad
762 3484 847 3555 hauc
878 3487 1116 3557 similitudinem
1153 3488 1341 3584 comparati
1366 3485 1534 3588 re'praesem
1555 3527 1578 3562 a

178 3606 227 3657 tat

241 3684 343 3777 Cujus
358 3679 567 3778 plnrromtni
578 3679 664 3750 hanc
686 3673 783 3749 afl'ett
797 3674 922 3748 causam
936 3680 969 3747 in
982 3675 1196 3750 dissertatione
1213 3673 1287 3766 sua,
1315 3678 1405 3776 qutid
1418 3681 1536 3756 radicet

182 3775 305 3849 arboris
322 3777 361 3845 ad
371 3775 460 3847 'illius
473 3773 529 3844 soli
545 3798 622 3861 ,aut
634 3772 741 3870 plani,
757 3774 839 3843 unde
858 3772 928 3868 ipsa
940 3768 1093 3870 assurgit,
1110 3771 1203 3844 situm
1216 3773 1258 3845 ita
1273 3770 1334 3843 sese
1345 3798 1537 3848 accommo-

181 3875 260 3945 dent
276 3895 338 3961 ,ut
352 3868 483 3943 succum
498 3868 724 3942 alimentitium
744 3873 816 3940 inde
830 3865 941 3967 sugant
957 3924 968 3954 ,
991 3867 1046 3941 ubi
1068 3893 1169 3964 quam
1183 3873 1356 3941 minimum
1369 3865 1539 3944 offendunt

177 3968 326 4054 obicem.
345 3968 445 4063 Qrod
459 3969 571 4061 utique
590 3964 625 4034 fit
637 3967 714 4033 dum
727 3967 989 4060 intergeminum
1004 3963 1107 4034 solum
1119 3962 1351 4052 effunduntur,
1366 3964 1421 4036 ubi
1433 3971 1541 4038 minua

182 4066 230 4136 est
244 4065 487 4161 impedimenti,
502 4060 604 4157 quam
617 4057 638 4129 st
652 4058 801 4130 deorsum
818 4059 902 4129 tersa
914 4059 1089 4130 tenderent.
1125 4063 1208 4128 Hac
1219 4061 1300 4131 adeo
1312 4060 1456 4131 radicum
1469 4054 1542 4157 pro·

182 4163 303 4256 jeilio,
320 4159 417 4256 plano
429 4153 486 4255 ipss
501 4161 551 4227 cui
565 4156 682 4227 caudet
698 4152 749 4230 vel
767 4153 863 4225 arbor
875 4150 985 4223 insiliit
999 4210 1010 4240 ,
1025 4159 1085 4226 ecit
1102 4155 1261 4252 parallela.
1300 4156 1542 4226 Radiccsvet'o

186 4256 251 4326 uni
266 4282 340 4325 cum
355 4277 470 4326 trunco
492 4261 524 4324 de
541 4259 636 4322 tamis
655 4276 693 4323 ex
715 4248 824 4320 iisdem
847 4249 992 4320 constant
1008 4247 1096 4321 fibris
1122 4256 1156 4321 dt
1176 4253 1269 4321 rectis
1290 4258 1325 4323 δι
1350 4245 1406 4319 stbi
1427 4272 1542 4321 mutuo

187 4349 364 4449 parallelis,
384 4372 492 4443 eaeque
507 4344 709 4423 abetttcmis
727 4346 886 4417 radicibus
907 4345 948 4416 ad
969 4347 1131 4419 caudicem
1153 4341 1252 4442 usque
1275 4353 1311 4420 dt
1326 4346 1365 4416 ad
1378 4368 1543 4421 ramorum

188 4443 538 4546 apicesextenduntur.
743 4508 745 4513 ,
891 4506 895 4512 ,
944 4484 946 4488 ⁴
1171 4498 1174 4504 .
1321 4444 1323 4449 ’
1519 4438 1539 4507 ix

237 4546 402 4638 Quocirca
416 4536 466 4605 ha·
475 4534 732 4634 fibraduplieem
744 4532 889 4611 efficiunt
900 4535 1082 4633 angulum,
1102 4556 1160 4606 aut
1181 4533 1411 4623 inflexionem,
1426 4560 1543 4631 vunum

180 4643 224 4716 in
236 4639 327 4719 eollo
341 4636 470 4710 radicis,
485 4630 540 4702 ubi
554 4658 628 4704 cum
645 4633 748 4729 stipite
759 4630 922 4722 cohaeret,
940 4630 1076 4704 alterum
1087 4628 1230 4703 efficiunt
1250 4632 1406 4730 angulum
1419 4635 1452 4703 in
1463 4637 1545 4703 rami

190 4734 342 4834 cujusque
354 4727 443 4819 collo
464 4753 542 4836 cum
553 4731 668 4829 stipite.
692 4730 780 4802 Cum
794 4731 891 4824 igitur
911 4729 1029 4800 radices
1040 4722 1100 4800 sint
1116 4724 1277 4896 patallglae
1296 4726 1396 4824 plano
1412 4725 1472 4830 ipfi
1492 4729 1547 4830 cui

1260 4848 1313 4895 az
1349 4849 1384 4924 rtp
