3646 5430
269 369 343 421 ιιι·
442 405 446 413 ·
593 343 780 418 REGIAE
843 336 1286 412 sc1eNT1uRUru

158 434 270 506 Anu.
288 467 362 513 curn
387 449 453 535 ejus
484 442 663 511 meridiana:
683 437 866 508 altitudines
886 441 907 506 a
929 433 1174 505 refraslionilrus
1195 432 1299 503 libera
1323 454 1389 500 non
1415 431 1485 507 lint.

159 538 246 619 1673.
344 564 385 610 ιι.
422 533 638 610 Pendulorum
654 558 724 629 quae
743 536 827 602 intra
850 534 1009 600 minutum
1025 525 1198 599 secundum
1221 526 1419 598 errcursrones
1442 522 1511 598 suat
1537 540 1634 623 peraa'

236 710 240 717 ,
292 655 396 731 gunt,
419 632 587 726 longitudo
601 633 634 699 in
653 653 689 698 ea
713 629 868 696 Amerirae
883 629 1013 720 regione
1038 621 1165 694 brevior
1182 648 1244 693 una
1266 620 1348 690 linea
1364 646 1438 691 cum
1454 621 1636 715 quadrante

291 751 455 825 comperta
476 725 520 792 est
544 752 552 795 :
574 728 617 793 ita
632 744 667 792 ut
680 721 888 815 horologium
904 714 1022 791 Parifiis
1039 715 1192 814 etquisrtd
1205 716 1493 805 elaboratum&in
1504 717 1639 812 Capen-

291 848 366 892 nam
387 819 572 892 translatum
591 815 717 914 srngulis
739 812 848 886 diebus
873 814 991 884 tardius
1005 814 1128 886 duobus
1150 815 1279 881 minutis
1301 836 1495 884 moveretur.
1533 813 1636 906 Qrod

291 922 404 1012 utique
418 917 526 986 locrrm
540 917 641 1009 aperit
654 909 781 981 curiofis
793 934 853 980 nec
872 906 1036 979 inutilibus
1053 905 1322 1003 inquifiriorribus.
1348 913 1400 977 De
1421 905 1563 1004 l‘lrysrcis
1580 900 1640 979 ἐι-

293 1013 480 1107 perimentis
493 1013 525 1077 in
539 1032 575 1076 ea
592 1002 697 1077 Insula
718 1005 811 1075 saslis
826 1008 943 1074 idoueo
958 999 1033 1071 loco
1045 1003 1197 1074 dicemus.

344 1109 442 1176 Auno
474 1110 597 1189 1671.
618 1124 751 1171 exeunte
774 1101 879 1169 mense
905 1094 1047 1169 Octobri
1078 1106 1111 1169 δι
1141 1103 1271 1167 ineunte
1301 1097 1485 1169 Novembri
1517 1095 1638 1171 satelles

295 1203 447 1286 Saturni,
464 1201 521 1295 qui
540 1200 725 1267 inventione
743 1191 917 1279 sccundus,
943 1188 994 1259 sed
1018 1194 1127 1263 ordine
1144 1196 1275 1287 quintus
1294 1197 1359 1263 dici
1384 1191 1479 1264 deber
1503 1251 1512 1280 ,
1540 1198 1561 1263 a
1591 1200 1636 1265 D.

286 1292 431 1369 ‚Caffino
455 1299 488 1363 in
515 1297 655 1364 maxima
681 1292 702 1360 ὲ
724 1293 852 1360 Saturni
866 1285 968 1384 globo
991 1282 1181 1385 digrelllone
1200 1290 1340 1384 primurn
1359 1285 1422 1357 fuit
1446 1288 1641 1364 observatur.

299 1394 384 1474 Mox
399 1393 549 1476 evanuit,
572 1411 632 1455 nec
648 1386 748 1454 videri
762 1388 884 1482 potuit,
906 1376 962 1450 nisr
982 1384 1065 1451 circa
1085 1383 1227 1450 medium
1247 1380 1432 1453 Decembris
1450 1389 1524 1456 anni
1544 1401 1643 1465 167²·

299 1480 442 1555 Rursum
455 1479 485 1552 se
508 1478 609 1552 oculis
621 1475 765 1548 subduxit
789 1479 891 1546 donec
905 1470 961 1546 sub
982 1473 1291 1564 initium-Februarii
1308 1482 1384 1546 anni
1405 1492 1479 1568 1673
1496 1504 1554 1577 per
1576 1481 1643 1553 dier

302 1604 338 1668 ¹3
355 1575 437 1649 visus
453 1579 497 1649 est
525 1604 567 1648 ro
583 1575 744 1644 diametris
761 1571 869 1643 annuli
886 1594 960 1640 cum
980 1566 1099 1639 semisse
1119 1570 1140 1640 ri
1157 1594 1268 1639 centro
1287 1574 1416 1642 Saturni
1440 1575 1551 1647 dislare
1573 1629 1585 1661 ,
1608 1586 1643 1648 &

299 1674 467 1772 periodum
484 1670 572 1742 suam
593 1674 678 1740 circa
700 1670 872 1739 Saturnum
886 1669 969 1734 iutra
993 1669 1037 1737 80
1058 1665 1124 1735 dies
1149 1662 1306 1736 conficere
1319 1669 1423 1762 postea
1438 1693 1643 1766 compertum

299 1767 371 1839 est:
397 1793 456 1838 nec
470 1763 500 1837 se
515 1763 687 1835 videndum
708 1760 825 1862 prabet
846 1758 904 1831 nist
924 1764 957 1828 in
986 1757 1190 1832 Occidentali
1216 1765 1237 1829 a
1259 1764 1385 1833 Saturni
1400 1762 1501 1860 globo
1523 1766 1641 1863 digres-

300 1859 398 1935 sione.
442 1865 533 1934 Nam
547 1858 678 1930 luminis
699 1864 895 1930 incrementa
914 1852 1008 1924 sumit
1024 1861 1057 1925 δι
1075 1855 1274 1925 decrementa
1297 1912 1308 1942 ‚
1331 1855 1413 1930 adeo
1426 1883 1460 1932 ut
1474 1861 1644 1934 oculorum

299 1961 404 2040 aciem
421 1952 555 2054 effirgiat
575 1957 609 2023 in
626 1949 814 2050 digressione
832 1948 1014 2035 Orientali,
1039 1947 1095 2018 sub
1120 1946 1284 2046 aspesium
1309 1956 1414 2024 veniat
1434 1962 1468 2026 in
1480 1952 1643 2053 digreffio-

300 2075 343 2123 ne
367 2049 586 2123 Occidentali.
626 2048 714 2116 Cum
727 2047 778 2115 die
792 2073 817 2143 ⁴r
826 2075 839 2137 3
863 2042 1052 2118 Decembris
1066 2049 1141 2113 anni
1160 2060 1243 2132 1672
1258 2050 1373 2144 reperti
1390 2045 1530 2120 satellitis
1546 2055 1646 2147 quise

300 2141 382 2216 visui
396 2141 605 2226 subduxerat,
622 2141 753 2238 vestigia
769 2159 922 2231 quareret
941 2143 985 2209 D.
1001 2136 1122 2210 Caslrni
1138 2194 1148 2224 ,
1164 2139 1263 2209 alium
1274 2144 1395 2213 invenit
1409 2141 1576 2216 satellitem
1591 2155 1646 2221 Sa·

302 2263 401 2310 turno
421 2241 627 2333 propiorem,
644 2259 742 2332 quem
757 2230 1029 2309 observationibus
1043 2235 1190 2331 deinceps
1200 2236 1238 2304 ad
1251 2233 1347 2305 finem
1363 2238 1508 2332 Januarii
1520 2238 1647 2332 habitis,

302 2331 510 2432 deprehendit
539 2326 626 2401 suam
652 2334 735 2399 circa
758 2334 931 2398 Saturnum
949 2326 1184 2398 revolutionem
1203 2327 1366 2400 absolvere
1389 2333 1543 2418 diebus4
1573 2365 1647 2410 eum

303 2423 444 2512 semisse,
462 2432 495 2496 δι
511 2430 544 2494 in
559 2429 698 2495 maxima
709 2419 899 2518 digrellione
910 2420 952 2490 ab
964 2429 1031 2515 ejus
1045 2445 1157 2493 centro
1170 2422 1270 2494 tribus
1285 2421 1523 2502 semidiametris
1539 2436 1648 2504 annuli

305 2520 567 2617 cumquadrante
579 2520 711 2604 distare,
736 2540 771 2589 ut
790 2521 823 2587 in
844 2512 931 2587 libro
948 2518 986 2589 de
1001 2517 1050 2589 his
1074 2516 1197 2589 duobus
1222 2515 1406 2595 satellitibus
1432 2527 1520 2623 Regi
1541 2530 1647 2601 dicato

305 2639 392 2689 anno
406 2631 479 2704 1673
493 2612 534 2686 ab
548 2639 589 2687 eo
601 2610 780 2710 expositum
800 2611 873 2686 fuit.

308 2851 1651 3009 &Summurfflrffllsisosi

576 3111 604 3201 s
638 3109 674 3199 E
706 3105 823 3200 et*
855 3109 952 3199 ιο
1075 3108 1123 3200 N
1162 3111 1209 3201 o
1246 3112 1294 3206 Ν
1328 3112 1386 3206 Α.

713 3327 783 3419 oe
815 3278 993 3452 ulyſsea
1022 3312 1230 3420 laboribus.

412 3559 475 3633 Ua
499 3550 609 3628 secuta
628 3554 700 3627 sunt
725 3558 875 3654 proximo
898 3560 1039 3629 triennio
1056 3553 1189 3647 Physrca
1205 3536 1421 3653 experimenta
1443 3588 1593 3663 ,magna
1616 3591 1655 3642 ex

417 3675 504 3751 parte
517 3655 603 3750 typis
619 3650 766 3724 mandata
786 3658 820 3723 δι
834 3649 954 3751 publici
965 3650 1144 3750 juriufreta
1159 3645 1239 3722 sunt.
1276 3657 1366 3724 Hinc
1381 3656 1532 3754 pleraque
1556 3685 1595 3731 ex
1618 3667 1658 3736 iis

313 3773 445 3910 opeparn
467 3745 609 3816 nostram
624 3770 691 3815 nou
710 3744 907 3909 dezderantj
924 3770 984 3819 nec
1000 3740 1119 3819 necesse
1137 3746 1182 3857 ell
1201 3747 1254 3818 illa
1278 3745 1443 3844 separatim
1521 3758 1658 3830 trastate

312 3850 595 4040 ioniidlili}
617 3841 1094 4036 lisspssldldllf‘iryliss
1110 3863 1200 4020 5¹¹3?
1222 3849 1266 4007 ii
1287 3850 1657 4018 subsidiali}

313 4033 405 4129 aquis
426 4023 654 4107 mineralrbus,
679 4027 848 4102 tradidere.
873 4029 919 4098 At
929 4028 1055 4102 filentio
1068 4037 1306 4126 praetermittere
1319 4060 1386 4108 non
1399 4036 1473 4108 licet
1493 4061 1567 4134 quae
1577 4044 1659 4113 circa

314 4152 386 4200 rem
397 4122 598 4214 herbariam,
615 4145 673 4198 aut
694 4127 884 4200 Botanicarn
903 4127 1051 4224 prodiere
1071 4128 1105 4195 in
1118 4121 1297 4223 publicum.

929 4321 1054 4408 *biit
