3646 5430
382 369 706 446 ACADEMIAE
764 375 1095 454 HISTORIA.
1134 384 1209 458 Lm.
1228 390 1271 460 u.
1425 411 1482 479 239

136 475 226 542 iones
245 472 374 540 iteratas
396 476 430 540 δι
449 466 609 539 calculum
627 468 784 636 parallaxi
803 468 997 542 horizontali
1017 473 1134 544 Martis
1164 503 1196 567 ²5
1223 477 1284 551 sec.
1317 478 1399 550 Solis
1420 508 1474 576 pa·
1496 469 1613 539 Asu*

136 564 247 636 allaxis
263 562 339 636 esset
353 566 613 657 tantummodo,
641 591 687 637 ec.
703 564 848 636 distantia
868 565 951 636 Solis
970 569 991 638 ὲ
1018 589 1101 639 terra
1122 583 1227 643 21600
1242 568 1350 648 semid.
1366 597 1478 661 terrae,
1494 587 1574 639 nom.

136 665 239 732 dariis
253 666 353 734 8100.

173 757 266 827 Cum
277 779 387 826 autem
404 757 454 825 die
477 784 490 849 5
515 759 595 825 Maii
612 750 859 850 deprehendisset
878 755 962 828 Solis
975 757 1133 830 maculam
1150 785 1249 858 prope
1263 774 1330 858 ejus
1357 769 1479 838 Orien.

136 849 216 922 ilem
237 856 439 948 marginem,
457 850 601 921 futurum
618 860 684 941 ejus
697 874 825 922 motum
840 854 874 921 in
898 852 983 922 Solis
999 852 1085 924 disco
1106 908 1118 939 ,
1141 862 1316 957 &tempus
1334 885 1403 957 quo
1426 887 1477 932 re.

136 953 223 1017 itura
236 944 339 1033 esset,
359 947 414 1016 die
432 949 586 1017 nimirum
609 949 815 1044 primoJunii
839 942 958 1042 scripto
977 949 1066 1020 edito
1107 951 1239 1025 raedixit.
1273 959 1363 1056 Qin
1377 963 1474 1028 etiarn

136 1041 195 1112 lud
211 1045 352 1114 advertit
368 1039 486 1112 forent
504 1051 571 1136 ejus
584 1040 693 1112 semita
708 1098 718 1127 ,
734 1065 809 1112 cum
822 1048 938 1113 iterum
955 1048 989 1114 in
1003 976 1211 1142 conllleciuni
1233 1056 1367 1138 veniret,
1384 1056 1474 1145 prio-

136 1161 182 1208 em
197 1144 234 1210 in
246 1131 337 1207 disco
355 1137 440 1207 Solis
457 1161 629 1234 apparente
650 1135 794 1207 semitam
815 1159 889 1207 ante
910 1132 1099 1236 descriptam
1125 1140 1338 1219 intersecaret.
1371 1147 1472 1245 Qud

136 1239 225 1305 venit
237 1241 324 1326 iuxta
337 1231 431 1329 ipsius
443 1232 602 1304 theoriam
621 1256 745 1328 ,quam
768 1239 880 1328 utique
897 1256 973 1303 cuin
991 1233 1083 1327 hujus
1095 1236 1227 1307 macula
1242 1236 1472 1314 obseivationi-

139 1351 179 1397 iis
198 1326 423 1399 conferendam
436 1325 542 1422 palam
565 1324 754 1426 exponebat.
778 1337 815 1399 ln
854 1333 935 1397 rima
950 1337 1017 1423 ejus
1034 1335 1234 1427 apparitione
1255 1335 1351 1407 Polus
1372 1363 1470 1409 revo-

136 1425 253 1494 rtionis
267 1421 345 1493 Solis
364 1422 513 1494 Australis
540 1448 607 1494 erat
625 1447 715 1493 terrae
736 1354 922 1522 expolitum
945 1430 980 1496 in
1003 1423 1136 1498 secunda
1160 1427 1239 1499 verd
1261 1436 1467 1529 exponendus

136 1520 207 1592 uret
219 1542 310 1591 terrac
326 1514 410 1589 sollu
432 1516 572 1589 Borealis
593 1519 700 1591 Polus.

175 1618 245 1686 Die
259 1636 369 1704 antem
384 1620 487 1712 prima
500 1615 591 1711 Junii
610 1640 651 1684 eo
666 1613 734 1712 ipso
754 1620 788 1685 in
810 1614 887 1688 loco
908 1615 963 1688 ubi
981 1615 1141 1691 maculam
1158 1617 1262 1691 visum
1279 1625 1317 1693 iri
1332 1645 1468 1694 notave.

136 1732 184 1798 at,
205 1708 351 1783 faculam
371 1714 511 1796 invenit,
525 1713 558 1777 in
575 1734 673 1805 quam
687 1710 812 1782 macula
822 1705 972 1784 conversa
992 1713 1105 1785 fuerat.
1128 1721 1209 1811 Qua
1224 1719 1353 1812 quidem
1366 1716 1468 1790 trans-

136 1811 271 1879 irmatio
282 1801 452 1898 sapealids
473 1802 536 1875 suit
552 1803 716 1877 observata
738 1810 807 1877 :ita
831 1831 866 1877 nt
883 1816 950 1901 ejus
967 1809 1092 1896 macule
1111 1809 1272 1883 revolutio
1284 1818 1467 1911 apparuerit

136 1907 239 1975 letum
257 1910 356 2004 273,
374 1925 445 1997 qua
458 1897 532 1970 alias
545 1899 610 1971 visa
620 1897 724 1972 fuerat
735 1902 835 1972 modi>
855 1914 956 2009 ιγὲ,
980 1905 1082 1975 modo
1098 1931 1139 1989 27
1154 1918 1191 2018 2.
1270 1927 1280 1942 ·

152 2015 226 2085 lv.
259 2015 308 2084 Ex
331 2035 398 2108 qua
412 2009 578 2081 occasione
603 2013 770 2084 admonuit
794 2012 873 2082 nihil
898 2020 1017 2085 mirum
1036 2014 1098 2085 esse
1118 2012 1141 2084 si
1161 2013 1288 2110 aliquot
1313 2012 1467 2091 horarum

136 2100 295 2178 iffetentu
317 2110 401 2178 inter
420 2107 536 2177 reditus
557 2109 755 2178 macularum
774 2133 933 2183 occurrat.
958 2114 1039 2183 Non
1055 2116 1143 2182 enim
1164 2135 1202 2182 ea
1222 2108 1466 2183 revolutiomo·

136 2225 148 2271 i
167 2197 309 2299 simplici
320 2197 504 2298 perficitur,
523 2198 593 2272 fini
606 2201 870 2275 verisimillimum
885 2208 949 2292 est,
969 2205 1052 2276 Solis
1066 2211 1150 2277 circa
1170 2203 1262 2277 suum
1282 2229 1377 2275 axem
1394 2231 1467 2277 ver.

136 2302 211 2396 gine
232 2294 458 2396 abripiuntur:
481 2323 557 2368 nam
572 2296 664 2391 hujus
684 2302 851 2394 vertiginis
865 2300 936 2372 Poli
960 2302 1047 2370 varie
1060 2299 1282 2373 obvertuntur.
1320 2305 1383 2369 lnae
1449 2338 1466 2354 -

136 2415 184 2464 tas
199 2397 302 2464 etiam
318 2396 417 2462 annui
432 2416 538 2462 morus
558 2397 591 2462 in
618 2392 817 2462 macularum
838 2416 1047 2491 apparentem
1077 2417 1205 2465 motum
1234 2392 1265 2463 se
1283 2328 1463 2468 diffundit:

136 2511 330 2584 raeterquaoi
349 2509 450 2584 partes
468 2484 539 2583 ipsae
563 2487 786 2574 macularum,
817 2512 888 2583 qne
913 2486 1028 2584 figuras
1046 2510 1204 2575 mutant,
1232 2484 1298 2557 alio
1331 2511 1467 2583 quoque

136 2605 213 2653 iotu
231 2586 389 2679 agitantur
404 2604 445 2652 eo
465 2581 531 2652 sere
545 2582 646 2652 modo
672 2606 741 2677 quo
761 2581 860 2653 nubes
873 2588 906 2654 iii
922 2589 995 2655 a'e're
1010 2582 1074 2654 lruc
1087 2583 1166 2654 illud
1190 2603 1340 2680 aguntur.
1377 2582 1472 2654 Cum*

136 2699 229 2747 utem
241 2670 402 2746 conretfio
416 2678 499 2748 Solis
522 2683 606 2747 eirca
619 2674 710 2747 suum
733 2701 824 2748 axem
841 2678 933 2750 aliter
945 2673 1086 2777 dignosci
1098 2702 1167 2748 non
1179 2675 1285 2775 possit,
1297 2675 1398 2771 qudm
1408 2701 1465 2773 per

136 2771 260 2842 iaculas
302 2794 346 2840 uae
368 2776 460 2842 variis
480 2773 528 2842 his
543 2771 683 2843 motibus
694 2769 765 2845 sunt
795 2772 973 2864 obnoxie,
997 2769 1178 2847 accuratitls
1205 2772 1259 2844 illa
1290 2776 1467 2842 examinari

136 2891 216 2964 onp
315 2867 416 2963 quain
429 2866 450 2936 si
462 2893 500 2936 ex
516 2864 643 2938 diverfis
663 2892 773 2941 earum
794 2869 1047 2944 revolutionibus
1059 2873 1139 2943 inter
1160 2867 1191 2941 se
1211 2865 1335 2940 collatis
1359 2868 1464 2940 inedia

136 2965 259 3034 uaedain
274 2966 357 3033 inter
371 2985 424 3033 eas
435 2973 469 3036 &
482 2961 684 3058 frequentior
697 2961 851 3063 seligatur.

159 3065 207 3134 V.
228 3063 296 3132 Die
311 3060 484 3131 undecimo
494 3061 586 3155 Junii
610 3063 654 3131 D.
674 3061 713 3131 de
728 3059 757 3132 la
778 3067 860 3134 Hire
878 3085 919 3130 eo
935 3054 1003 3156 ipso
1018 3065 1051 3132 in
1072 3062 1147 3133 loco
1167 3061 1218 3132 cni
1239 3047 1345 3131 facula
1366 3057 1463 3134 incise

136 3153 244 3227 :laebat
255 3210 268 3240 ,
281 3155 358 3223 duas
366 3150 501 3252 insignes
516 3153 679 3243 maculas,
697 3165 730 3228 δι
745 3165 880 3250 majores
893 3161 995 3252 quarn
1006 3182 1098 3229 antea
1111 3155 1183 3228 visa
1193 3154 1334 3243 fuerint,
1350 3155 1462 3226 obser·

136 3255 207 3324 ivit.
231 3254 448 3347 Unaquaeque
459 3276 498 3320 ex
511 3255 549 3320 iis
563 3253 655 3319 nnius
677 3257 791 3324 minuti
809 3249 947 3352 spatium
963 3250 1016 3323 seu
1040 3277 1163 3350 partein
1186 3249 1253 3321 fere
1268 3249 1464 3322 tricesimam

136 3351 255 3419 ameni
267 3346 354 3417 Solis
364 3368 446 3414 occu
486 3344 554 3429 bat,
565 3354 599 3415 &
610 3346 749 3416 duorum
761 3354 959 3420 minutorum
973 3349 1143 3421 intervallo
1152 3355 1235 3419 inter
1250 3342 1280 3414 se
1293 3343 1461 3431 distabant,

138 3440 231 3515 metu
247 3464 395 3514 extremo
409 3373 493 3514 solies
505 3445 640 3538 margini
658 3436 754 3513 essent
770 3441 913 3513 finitima
931 3497 943 3530 ,
963 3465 1070 3540 eaque
1093 3451 1232 3535 majores
1257 3439 1366 3508 multo
1388 3434 1460 3508 visa

136 3535 236 3609 iissent
249 3595 262 3625 ,
276 3536 298 3609 fi
317 3557 429 3608 centro
440 3537 524 3608 Solis
531 3559 699 3699 propiores
710 3535 889 3608 extitissent.

166 3638 216 3707 Ex
227 3632 277 3703 liis
295 3630 416 3702 duabus
435 3656 528 3703 macu
542 3636 568 3700 is
586 3634 631 3701 l).
644 3626 763 3700 Cossini
776 3629 855 3700 illud
868 3631 1116 3711 animadvertit,
1137 3651 1210 3696 earn
1235 3652 1306 3722 qnae
1328 3625 1462 3723 longids

154 3725 353 3798 Solislimbo
368 3725 528 3814 distabat,
557 3724 694 3796 eundern
715 3725 809 3821 plane
833 3722 943 3793 locum
956 3730 988 3794 iri
1001 3733 1067 3814 ejus
1079 3717 1165 3790 disco
1177 3721 1344 3809 obtinere,
1361 3747 1460 3818 quem

136 3821 169 3892 la
181 3841 322 3893 tenuerat
336 3846 406 3917 φιτ
423 3823 527 3893 mense
546 3825 639 3891 Maio
657 3817 718 3890 fuit
730 3817 923 3906 observata,
947 3818 1194 3890 habitatatione
1214 3816 1368 3890 Poloinin
1397 3822 1458 3890 So·
1530 3883 1535 3891 .

136 3941 182 4003 s,
205 3923 238 3989 dc
264 3918 365 3988 coluri
391 3943 446 4015 per
466 3928 532 4012 ejus
559 3915 656 3989 Polos
680 3921 849 4012 proprios,
881 3924 914 3988 &
947 3916 1108 4013 Eclipticae
1127 3910 1225 3984 Polo
1244 3912 1457 3986 transeuntis:

136 4014 203 4083 nde
219 4011 334 4084 censuit
344 4015 477 4083 eandem
495 4009 555 4082 esse
568 4036 638 4109 qnae
655 4010 760 4083 mense
780 4017 876 4082 Maio
888 4008 949 4081 visa
968 4010 1030 4080 suit
1046 4035 1054 4080 ε
1069 4034 1140 4079 eam
1154 4014 1233 4080 vero
1246 4033 1309 4103 φις
1325 4015 1458 4106 propior

136 4127 180 4179 :at
195 4113 330 4204 margini
340 4134 459 4178 novam
475 4105 615 4203 esseque
637 4109 655 4177 ὲ
668 4106 752 4178 Solis
766 4105 853 4177 disco
870 4104 995 4177 eiiceffit
1007 4107 1101 4175 iiosle
1117 4103 1265 4198 sequente
1276 4104 1361 4176 diem
1374 4109 1458 4173 Maii

136 4258 171 4370 .l,
186 4202 316 4369 religabu
314 4203 383 4300 post
396 4202 426 4274 se
442 4209 542 4276 veteri
556 4203 681 4276 macula
703 4229 773 4301 qna
792 4200 857 4272 sola
883 4201 1045 4272 videbatur
1070 4201 1119 4270 dic
1147 4221 1175 4288 13
1190 4203 1282 4300 Junii
1300 4235 1310 4289 3
1339 4196 1457 4295 egressa

136 4304 192 4369 ois
211 4300 234 4369 li
318 4321 352 4368 in
372 4304 421 4371 die
443 4327 454 4371 ι
484 4356 493 4375 .

155 4401 219 4468 vi.
236 4397 365 4466 Omnes
377 4331 559 4469 Acaddmici
569 4401 602 4467 in
614 4384 881 4470 observantium
892 4416 1068 4464 convenere
1083 4395 1133 4465 die
1145 4393 1261 4490 12Julii
1275 4390 1357 4460 Solis
1373 4387 1463 4461 ecli-

136 4487 453 4563 lmeodiesuturam
466 4493 732 4590 contemplaturi,
756 4487 868 4563 Phases
881 4492 963 4561 Solis
976 4484 1134 4561 obscurati
1155 4513 1274 4587 niagno
1297 4487 1398 4555 studio
1420 4493 1456 4556 δι

136 4613 182 4660 ira
195 4584 270 4658 sunt
282 4586 417 4661 definite
433 4590 636 4658 Micionietri
650 4610 713 4682 ope
728 4612 737 4656 ε
755 4589 884 4658 initium
894 4580 1023 4682 Eclipfis
1035 4588 1253 4656 animadverti.
1261 4605 1327 4650 non
1350 4583 1459 4677 potuit

136 4707 241 4784 toptec
253 4679 557 4780 nubesinterposiras
571 4718 580 4772 3
595 4680 644 4752 sed
655 4705 693 4750 ea
705 4684 741 4750 iis
752 4706 816 4777 que
825 4678 990 4790 subsecuta
999 4678 1068 4790 sunt
1079 4672 1353 4751 obstrevafjonibuc
1360 4671 1460 4778 satist

136 4774 1169 4902 icoocldumninadeonndluieadenntdibiindloeo.
1320 4811 1336 4819 ··
1448 4808 1453 4822 ·
