3646 5430
289 384 338 468 ‘54
611 359 811 436 REGIAE
859 350 1316 429 SCIENTlARUM

162 442 224 539 alu
239 490 277 539 rr.
292 477 403 564 utique
416 462 437 535 ὲ
452 467 601 536 Domino
617 463 773 529 Mariotte
787 451 910 525 fartum
925 458 1094 524 novimus:
1113 459 1146 523 δι
1164 453 1296 547 quidem
1316 449 1450 521 memini
1464 446 1651 527 cumtooa

162 575 258 651 1670.
291 565 358 633 dini
379 562 525 658 degerem
545 582 633 627 anno
654 567 744 643 1669.
757 551 858 620 hoca
878 547 1000 620 Carolo
1014 553 1187 640 ll.magnae
1202 550 1371 617 Britanniae
1388 549 1481 643 Rege
1495 540 1653 620 illustriss.

291 662 416 754 Legato
434 661 479 728 D.
491 656 530 722 de
543 648 671 742 Croilsy
687 643 776 718 suilse
799 643 998 743 propositum
1013 701 1024 730 ‚
1038 640 1106 713 fieri
1118 639 1242 739 specula
1256 642 1371 710 ustoria
1384 666 1422 709 ex
1435 641 1538 736 glacie
1549 639 1617 738 ipsa
1634 675 1654 732 ·,

291 777 356 847 qua
371 773 479 821 autem
495 752 617 818 ratione
629 746 662 815 id
674 742 764 813 fleret
784 746 829 813 D.
849 742 887 809 de
900 735 1028 836 Croill'y
1044 761 1162 829 rumex
1188 736 1267 809 osui.
1289 733 1415 808 Vertlm
1433 741 1479 810 D.
1502 738 1655 810 Perrault

291 849 441 917 duritiem
462 844 551 915 illam
566 849 599 912 δι
612 838 866 938 perspicuitatem
879 833 961 905 limo
975 839 1009 904 in
1030 858 1114 929 aqua
1126 764 1263 930 disperso
1276 888 1287 920 ,
1305 837 1427 928 quique
1451 832 1491 902 ad
1508 831 1657 906 fundum

290 941 430 1026 decidit,
444 959 612 1034 acceptum
626 932 734 1006 resert.
758 931 856 1003 Unde
871 934 904 1000 in
919 926 1077 998 solutione
1095 927 1265 1016 aluminis,
1285 949 1344 999 aur
1355 923 1425 998 salis
1435 933 1621 1000 communis
1635 956 1657 1018 ,·

293 1040 363 1105 imo
376 1041 409 1105 in
425 1040 504 1105 vino
516 1041 549 1104 &
566 1055 650 1127 aqua
667 1051 742 1099 cum
753 1025 863 1122 spiriru
876 1030 942 1094 vini
960 1023 1108 1121 permista
1121 1080 1131 1108 ‚
1155 1020 1258 1095 soluta
1271 1024 1374 1122 glacie
1388 1021 1580 1094 turbidiores
1595 1031 1652 1096 vi.

294 1131 408 1201 dentur
418 1131 559 1224 liquores
573 1184 584 1214 ,
599 1124 702 1221 quam
714 1145 787 1193 ante
797 1118 1079 1221 congelationem,
1099 1120 1301 1217 quod'partes
1311 1113 1515 1191 crassiores&
1525 1139 1651 1214 terrena,¹

266 1219 270 1223 ¹
295 1223 391 1296 sacili
406 1230 426 1298 fa
439 1221 619 1294 seinvicem
632 1217 821 1289 divellantur
842 1242 904 1314 prae
918 1213 1048 1299 calore;
1069 1211 1129 1282 illae
1154 1216 1235 1285 adeo
1251 1236 1382 1284 manent
1394 1211 1527 1312 ponfiles
1552 1222 1584 1284 ἀ
1605 1215 1650 1314 li-

296 1344 435 1415 quorem
453 1315 617 1390 turbidum
631 1308 786 1386 efficiunt.
826 1312 912 1382 Sales
926 1311 1005 1380 verb
1020 1313 1053 1378 in
1066 1308 1147 1378 limo
1159 1306 1456 1381 delitescentes-non
1472 1310 1586 1381 eadem
1600 1311 1650 1382 sa·

296 1413 415 1488 tilitate
424 1411 628 1487 exsolvuntur
644 1445 654 1497 ;
668 1405 719 1478 sed
737 1407 808 1478 limi
819 1402 951 1502 granula
963 1404 1079 1473 caloris
1095 1408 1129 1472 vi
1143 1408 1260 1500 agitata
1281 1405 1421 1475 tandem·
1432 1401 1487 1474 fibi
1509 1409 1650 1482 inviotm

294 1533 353 1606 per
377 1507 544 1582 sacieculas
567 1503 676 1602 planas
703 1497 944 1587 adhaerescunt,
969 1507 1003 1571 dr
1026 1502 1160 1569 vincunt
1187 1505 1378 1597 gravitatem
1409 1524 1500 1597 aqoae
1522 1497 1652 1600 specifi-

297 1629 383 1676 cam.

340 1705 407 1773 lv.
446 1701 568 1771 Eodem
588 1722 674 1768 anno
703 1709 802 1780 1670.
823 1698 869 1767 D.
890 1691 1035 1765 Perraulr
1053 1716 1128 1762 curn
1150 1715 1288 1788 quatuor
1312 1716 1403 1790 aqua
1425 1691 1521 1766 libras
1541 1693 1659 1793 gelido

289 1798 355 1865 a'e'ri
374 1791 585 1894 exposuirl'et,
602 1798 686 1862 intra
701 1797 734 1864 18
754 1794 819 1860 dies
839 1812 920 1886 pene
943 1792 1037 1858 unius
1060 1787 1146 1858 librae
1170 1790 1309 1884 pondere
1330 1789 1375 1858 est
1399 1794 1581 1863 imminuta.
1604 1796 1655 1864 Ex

288 1914 357 1985 quo
370 1887 513 2055 sequitpr
524 1913 642 1988 aquam
655 1905 719 1986 pra
734 1881 1047 1982 nimio-frigoresere
1062 1881 1190 1956 tantum
1203 1883 1374 1972 exhalare,
1388 1881 1551 1983 qtunnlm
1569 1886 1659 1958 asti-

288 1990 336 2055 vis
358 1987 462 2058 ardori
489 2011 536 2061 ur.

337 2091 382 2155 V.
408 2079 491 2150 Illud
506 2104 638 2177 quoque
656 2084 678 2151 ἐι
695 2083 740 2154 D.
752 2080 872 2152 Picard
881 2102 952 2151 tum
965 2074 1029 2149 fuit
1043 2074 1264 2163 observatum,
1282 2070 1441 2174 lapides&
1455 2076 1604 2166 metalla,
1615 2099 1651 2152 ur

290 2201 425 2261 aurum,
445 2172 736 2274 cuprum‚ferrum
750 2200 813 2273 prae
826 2175 949 2272 frigore
966 2174 1138 2260 contrahi,
1161 2198 1196 2245 ut
1218 2171 1333 2245 caloris
1355 2179 1388 2243 vi
1409 2174 1652 2264 distenduntur,

293 2271 383 2364 quod
396 2280 462 2362 jam
473 2294 566 2341 antea
577 2269 681 2342 fuerat
691 2267 945 2344 animadversum
961 2299 969 2342 ι
983 2270 1064 2345 adeo
1080 2294 1115 2342 ut
1127 2293 1208 2367 pene
1221 2274 1330 2340 omnia
1344 2292 1482 2367 corpora
1493 2275 1586 2341 unius
1596 2293 1653 2368 pe-

294 2364 576 2463 dlslongitudine,
594 2389 707 2463 quarta
721 2387 811 2464 parte
824 2368 913 2437 linea
928 2369 1132 2453 minuantur,
1143 2363 1185 2435 src
1200 2389 1309 2438 tamen
1321 2362 1570 2468 uthomogenea
1581 2390 1660 2464 quae·

294 2456 386 2549 sunt,
405 2459 603 2556 aequabiliter
619 2465 778 2532 inornnes
814 2483 895 2534 aroer
911 2466 1108 2538 minuantur,

348 2562 417 2650 vr..
436 2558 524 2628 Cum
539 2559 620 2627 rarii
633 2560 757 2653 generis
769 2488 840 2628 olea
853 2554 961 2652 gelido
971 2559 1036 2626 a'e'ri
1051 2580 1106 2654 per
1123 2585 1166 2641 2·4
1181 2559 1277 2631 lioras
1287 2550 1432 2632 elsentex
1477 2557 1553 2646 lita,
1566 2582 1655 2655 qua

298 2654 372 2724 darn
397 2674 457 2723 nec
476 2651 671 2748 congelata,
695 2675 755 2721 nec
777 2653 919 2750 pondere
937 2649 1009 2721 sunt
1032 2656 1232 2741 imminuta,
1257 2676 1292 2725 ut
1307 2654 1415 2727 oleum
1474 2656 1567 2744 lino,
1596 2680 1653 2732 aut

297 2772 337 2818 ex
349 2743 524 2843 amygdalis
540 2744 684 2817 dulcibus
704 2743 882 2845 expressum
903 2778 918 2833 3·
937 2745 1009 2815 olea
1037 2750 1172 2843 petreoli
1195 2808 1206 2838 ‚
1232 2774 1377 2838 nucum,
1402 2748 1653 2847 therebynthinae

299 2867 421 2940 parum·
435 2838 641 2927 exhalarunt,
661 2838 713 2913 sed
740 2851 775 2914 &
800 2841 1000 2939 conglaciato
1029 2864 1097 2916 non
1128 2844 1229 2933 sunt,
1249 2851 1299 2916 uri
1327 2847 1397 2918 olea
1416 2871 1453 2917 ex
1474 2846 1654 2944 amygdalis

298 2943 435 3024 amaris,
454 2936 567 3022 olivis,
584 2932 692 3027 aniso,
709 2945 743 3010 δι
764 2937 826 3009 alia
850 2935 931 3009 bene
945 2935 1072 3028 multa,
1091 2946 1213 3040 quaein
1227 2965 1365 3042 vapores
1381 2941 1488 3040 aliqua
1507 2963 1545 3012 ex
1564 2965 1656 3041 parte

298 3030 543 3104 exhalarunt&
564 3035 782 3106 induruerunt·
1542 3083 1545 3090 ·

347 3132 424 3200 vll.
451 3132 531 3199 Hoc
543 3152 769 3228 argumentum
779 3131 886 3203 multd
900 3131 1026 3207 uberius
1040 3134 1149 3233 postea
1183 3134 1374 3206 ettradtavir
1394 3141 1440 3210 D'.
1464 3135 1503 3206 de
1522 3134 1554 3209 la
1573 3141 1656 3209 Hire

298 3232 333 3298 in
346 3222 560 3295 dissertatione
577 3226 756 3323 pererudita
768 3283 778 3313 ,
792 3251 895 3323 quarn
908 3240 995 3299 anno
1011 3244 1105 3323 1694.
1120 3159 1240 3326 publici
1261 3232 1338 3327 juria
1352 3229 1442 3304 fecit.
1465 3236 1505 3302 ln
1523 3255 1562 3302 ea
1582 3238 1657 3330 qui-

296 3321 372 3393 dem
395 3319 444 3388 eu
461 3323 615 3416 opinione
635 3315 796 3416 quosdam·
826 3320 904 3394 sales
935 3347 1064 3396 motum
1088 3321 1317 3423 particularum
1336 3350 1427 3421 aquae
1446 3326 1572 3410 sistere,
1596 3331 1654 3425 qoi

344 3417 428 3487 idem
441 3420 475 3485 in
488 3411 550 3486 sale
563 3419 730 3488 communi
746 3421 840 3513 pauci
854 3416 1064 3506 delitescunt,
1090 3419 1195 3518 plures
1217 3423 1252 3489 in
1281 3423 1399 3510 nitro,
1421 3418 1472 3493 sed
1493 3422 1656 3497 uberiores

294 3441 368 3585 glum
382 3516 416 3582 in
427 3507 490 3582 sale
509 3518 709 3583 armoniam·
747 3517 854 3608 Hujus
865 3510 960 3596 salis.
983 3521 1082 3611 quien
1144 3539 1183 3585 ue
1196 3520 1223 3586 is
1240 3513 1299 3602 sir,
1324 3541 1427 3615 partes
1453 3520 1559 3617 rigida
1585 3515 1656 3593 sunt

295 3606 446 3695 subtiles,
469 3629 569 3677 acutae
584 3663 593 3693 ,
608 3611 702 3680 itaut
717 3613 916 3680 nonvitruni
940 3611 1063 3699 modo,
1085 3541 1142 3681 ¹ssd
1167 3612 1348 3682 &duriora
1399 3636 1510 3709 uaeque
1537 3640 1659 3713 corpo-

295 3731 332 3775 ra
345 3712 574 3800 penetrenr,&
591 3728 666 3773 cum
689 3728 780 3801 aquae
799 3706 962 3801 particulis
982 3705 1145 3804 oblongis,
1160 3705 1351 3778 flexibilibus
1366 3639 1452 3780 altro
1468 3708 1660 3782 consocien-

298 3822 374 3869 tur:
390 3821 480 3894 aquae
498 3796 687 3895 corpuscula
698 3799 839 3869 cumbis
857 3797 970 3873 salibus
984 3802 1256 3903 implicatamotu
1267 3808 1404 3894 omni&
1416 3802 1573 3877 fluiditate
1593 3810 1659 3906 pri·

300 3914 429 3964 vantur.
482 3912 501 3943 ⁰

285 3979 289 3986 ’
361 3988 450 4057 Cum
465 3987 498 4057 hi
510 3986 586 4079 iales
598 4012 717 4085 aquam
737 3985 897 4079 subeunt,
914 3992 968 4065 illa
984 3996 1104 4067 ducunt
1127 3997 1285 4083 stamina,
1304 3995 1475 4095 dequibus
1494 3994 1589 4093 supra
1608 3997 1662 4066 dl:

303 4087 428 4169 ximus,
444 4092 600 4174 majorem
618 4110 708 4183 aqua
728 4085 850 4157 molem
861 4087 1005 4162 efficiunt
1024 4148 1035 4180 ,
1059 4095 1147 4189 quod
1174 4115 1276 4191 partes
1299 4092 1471 4191 congelatae
1495 4094 1663 4188 rigidiores

164 4260 168 4271 1
301 4179 398 4249 fodita
415 4176 471 4249 fibi
487 4187 608 4249 mutuo
619 4188 663 4251 ita
675 4186 776 4279 aptari
798 4208 865 4254 non
880 4181 997 4282 possint
1010 4245 1020 4275 ,
1035 4195 1115 4285 quin
1129 4184 1224 4288 spatia
1236 4193 1307 4257 a'efre
1324 4188 1416 4285 plena
1428 4189 1630 4282 intercipiant
1648 4214 1661 4261 r

306 4298 342 4343 ur
358 4275 461 4369 plures
475 4273 602 4344 acicula
615 4334 625 4365 ,
640 4301 709 4373 quae
727 4284 762 4348 in
784 4277 917 4378 longum
935 4278 991 4351 srbi
1013 4287 1127 4353 mutuo
1152 4282 1363 4369 incumbunt,
1386 4280 1495 4351 minus
1518 4281 1580 4352 loci
1600 4306 1663 4352 oc-

309 4392 427 4461 cupant
440 4426 450 4454 ,
465 4369 565 4465 quarn
588 4371 608 4440 sr
630 4372 793 4462 consum,
815 4384 850 4447 δι
873 4377 1083 4472 tumultuario
1100 4380 1206 4474 posita
1229 4375 1258 4447 se
1276 4379 1305 4450 se
1320 4381 1435 4447 mnruo
1461 4373 1661 4450 interserent.

301 4465 379 4561 Jsm
402 4461 457 4533 ubi
483 4461 556 4533 sales
580 4466 625 4537 illi
653 4474 790 4562 primam
807 4497 892 4564 aquq
915 4470 1112 4568 superficiem
1133 4469 1327 4570 pervasere,
1357 4469 1485 4568 longitls
1507 4468 1662 4569 progreffi

310 4558 463 4651 paularim
483 4584 572 4654 aquo
600 4560 728 4632 massam
749 4568 928 4652 invadunt,
955 4591 996 4635 ac
1015 4593 1100 4638 nova
1118 4593 1228 4639 texunt
1250 4565 1436 4654 filamenta,
1461 4592 1532 4660 quae
1554 4577 1661 4661 majo·

310 4677 377 4721 rem
400 4678 531 4748 quoque
545 4663 675 4747 exigunt
688 4656 830 4741 molem,
847 4670 880 4731 δι
904 4666 971 4730 vim
996 4659 1083 4731 suam
1102 4688 1171 4732 tum
1186 4669 1217 4733 in
1237 4660 1410 4754 subjecianr
1424 4648 1570 4758 aqu'am,
1591 4687 1663 4757 quc

309 4748 536 4846 compressioni
553 4750 685 4842 refistir,
704 4775 774 4823 tum
788 4758 820 4825 in
834 4752 1036 4854 superiorem·
1044 4757 1159 4856 glaciei
1170 4755 1368 4860 superficiem
1387 4781 1546 4847 exeruit,
1563 4778 1665 4857 atqve,
