3646 5430
566 332 809 408 ›REGIAE
866 320 1335 399 SGIENTIARUM

493 613 867 746 catur
972 657 1450 742 animuin.

628 880 685 950 De
705 866 854 975 Historia
876 864 1087 944 animalium
1103 863 1315 970 generatim.

292 1083 319 1156 1·
391 1085 455 1157 Am
474 1105 562 1154 anno
581 1090 660 1171 1669
691 1074 905 1174 quorumdam
935 1069 1123 1142 animalium
1149 1071 1276 1142 historia
1299 1072 1493 1145 anatomia
1515 1072 1646 1178 vulgara

331 1082 369 1283 J
391 1179 496 1251 fuerat
517 1177 612 1249 instar
635 1174 813 1270 speciminis
834 1170 917 1240 alicu
932 1194 968 1238 us
993 1225 1003 1254 ,
1028 1160 1078 1235 sed
1100 1192 1137 1236 ea
1162 1165 1291 1237 fuerunt
1313 1191 1449 1236 numero
1472 1195 1643 1269 perpauca,

292 1299 398 1374 neque
411 1298 448 1346 ea
470 1271 576 1343 forma
596 1276 629 1341 in
643 1271 749 1341 lucem
762 1269 898 1363 prodiit,
919 1289 1016 1360 quam
1032 1256 1210 1357 susceptum
1226 1287 1306 1358 opus
1322 1259 1480 1358 exigebat.
1517 1273 1646 1362 Quam·

293 1371 407 1442 obrem
448 1367 628 1439 Academiae
683 1360 858 1462 repositum
891 1355 952 1430 fuit
993 1357 1158 1427 historiam
1199 1356 1387 1427 animalium
1426 1370 1643 1435 anatomicam

292 1461 336 1537 fic
362 1461 506 1562 persequi
534 1463 605 1550 ‚ut
627 1394 789 1556 adpareret
804 1462 969 1526 interiores
991 1455 1092 1544 magis
1117 1478 1215 1544 qnam
1238 1454 1278 1521 ad
1303 1456 1472 1526 exteriores
1497 1463 1646 1533 animum

291 1561 469 1632 intenderet
490 1615 500 1643 ,
525 1579 637 1628 contra
662 1576 760 1650 atque
779 1549 821 1621 ab
840 1549 990 1619 omnibus
1011 1550 1068 1643 qui
1092 1552 1124 1615 in
1141 1546 1204 1616 hoc
1223 1570 1413 1643 argumento
1431 1549 1542 1622 versati
1560 1548 1645 1648 sunt,

289 1651 564 1740 cum‘vetetibus,
587 1675 658 1723 tutn
673 1643 901 1720 recentioribus
921 1642 1044 1714 factum
1067 1642 1111 1711 esi
1137 1700 1147 1730 ,
1176 1643 1294 1738 quibus·
1315 1667 1352 1711 ea
1374 1639 1572 1738 potilllmutn
1592 1680 1645 1724 cu·

289 1774 325 1820 ta
349 1750 411 1822 fuit
430 1805 441 1836 ‚
462 1772 498 1820 ut
518 1749 668 1820 animalia
693 1792 704 1832 4
725 1767 864 1840 quorum
887 1740 1049 1810 historiam
1075 1740 1229 1809 tradidere
1249 1796 1259 1825 ,
1278 1739 1318 1809 ad
1346 1761 1432 1810 certa
1449 1764 1565 1836 genera
1594 1774 1644 1820 re·

289 1865 443 1916 vocarent
471 1867 600 1940 ,atque
624 1867 662 1912 ex
689 1843 830 1938 partium
849 1833 1062 1932 quarumdam
1084 1856 1284 1905 externarum
1308 1831 1566 1912 conformatione
1586 1869 1648 1918 aue

289 1962 329 2010 er
348 1942 464 2009 nativis
484 1932 732 2036 proprietatibus
758 1955 856 2003 certas
883 1929 1000 2026 speres
1024 1927 1250 2000 constituerent
1277 1987 1288 2017 ‚
1323 1931 1420 2025 idque
1452 1936 1570 2030 partim
1601 1964 1644 2011 ex

289 2029 363 2120 suis,
379 2038 494 2128 partim
504 2059 541 2103 ex
550 2031 662 2102 alienia
670 2056 741 2127 quae
753 2021 887 2127 persaepe
900 2021 1027 2110 fallunt,
1042 2018 1326 2098 observationibus.
1340 2029 1418 2096 Non
1429 2029 1645 2104 enimdmet.

290 2123 453 2200 datoribus
464 2150 519 2198 aut
533 2121 687 2196 militibus
700 2131 755 2220 qui
765 2127 864 2192 variar
872 2118 992 2190 obeunt
1005 2120 1162 2215 regiones,
1170 2145 1205 2190 ea
1212 2121 1403 2218 expedianda
1414 2121 1456 2193 ell
1467 2122 1642 2222 diligentia,

291 2244 348 2293 aut
362 2221 472 2314 judicii
489 2211 678 2321 perspicacia
696 2244 761 2318 qua
780 2214 947 2315 fingulares
970 2235 1021 2283 tot
1035 2211 1223 2285 animalium
1238 2221 1446 2314 proprietates
1457 2219 1508 2290 vel
1532 2247 1645 2315 notas,

292 2314 410 2413 quibus
423 2313 464 2386 ab
480 2316 550 2388 aliis
565 2307 683 2392 secerni
720 2341 741 2383 ο
766 2335 835 2396 int,
855 2333 891 2381 ut
909 2335 964 2408 par
977 2307 1043 2396 eli,
1069 2302 1248 2385 observent.
1272 2315 1524 2385 Formtteorutn
1535 2314 1642 2418 fingit.

291 2404 373 2483 lares
391 2407 578 2482 illustrandis
590 2405 650 2479 suis
664 2343 871 2482 relationibus
893 2402 1009 2475 referte
1036 2409 1179 2475 contenti
1199 2462 1210 2492 ‚
1232 2407 1272 2476 de
1287 2400 1447 2479 scribenda
1469 2412 1567 2506 paulo
1587 2441 1641 2485 ac.

293 2509 446 2578 curatiori
458 2504 646 2577 animalium
661 2501 791 2577 historia
802 2527 868 2571 non
881 2499 1055 2570 admodum
1069 2495 1136 2568 sunt
1151 2497 1290 2574 solliciti.
1323 2504 1376 2572 Ne
1403 2526 1442 2573 ue
1463 2506 1486 2573 ii
1499 2507 1643 2580 videntur

292 2600 410 2697 'quibus
422 2599 500 2672 sides
514 2600 607 2671 facile
620 2597 765 2687 habenda
777 2592 834 2682 lit,
850 2621 926 2668 cum
943 2601 975 2663 in
994 2591 1103 2691 multis
1124 2591 1258 2682 fallant,
1278 2618 1333 2665 aut
1347 2527 1497 2672 fallantur
1510 2656 1521 2686 ,
1536 2627 1643 2698 mian-

294 2700 415 2767 tumvis
434 2695 594 2766 interdum
606 2688 782 2764 allicerent
798 2687 827 2760 se
847 2715 914 2761 non
936 2689 997 2760 alia
1021 2685 1134 2758 efferte
1156 2715 1253 2854 poam
1268 2716 1339 2787 quae
1363 2693 1464 2766 oculis
1478 2693 1538 2767 suit
1553 2697 1643 2770 usur·

293 2809 586 2889 parunt3quaeque
604 2787 645 2860 ab
655 2784 726 2858 aliis
736 2785 851 2857 tradita
874 2781 971 2870 sunt,
1000 2781 1068 2854 falli
1096 2808 1157 2855 con
1180 2810 1339 2873 emnent,
1364 2815 1422 2860 nec
1439 2789 1524 2860 aliud
1545 2798 1640 2888 quid.

292 2884 368 2955 dam
383 2888 484 2979 quam
498 2887 646 2955 omnium
659 2882 743 2981 peni
761 2885 979 2951 narrationum
994 2880 1089 2949 fidem
1110 2874 1286 2976 suspectam
1301 2890 1334 2954 δι
1347 2882 1475 2956 dubiam
1496 2891 1644 2977 reddunt,

319 2984 416 3075 uique
434 2975 520 3050 bona
536 2973 598 3050 file
610 2979 748 3051 aliorum
759 2973 957 3073 diligentiam
976 2985 1011 3049 δι
1025 2972 1119 3044 fidem
1136 2970 1319 3067 infirmant,
1332 2976 1419 3049 suam
1431 2977 1488 3080 ipsi
1494 3007 1560 3054 non
1573 2980 1646 3057 sati

294 3006 393 3144 armis
414 3073 600 3144 testimoniis
613 3072 788 3146 adstruunt.

343 3176 395 3240 11.
429 3174 538 3264 Qare
553 3167 601 3240 liis
619 3162 858 3240 commentatiii
873 3169 914 3237 eri
935 3176 1037 3262 major
1050 3165 1173 3236 vidente
1187 3166 1328 3254 habenda
1347 3166 1425 3242 fides
1439 3230 1450 3259 ,
1465 3175 1556 3271 quod
1576 3170 1643 3252 ndat

289 3268 384 3337 unius
398 3263 600 3360 alicujus'qui
611 3268 792 3362 anticipatis
811 3290 833 3332 o
855 3263 1015 3333 inionibus
1031 3259 1090 3331 suis
1112 3261 1207 3333 sacili
1226 3267 1328 3361 potest
1346 3268 1433 3340 indul
1458 3295 1509 3341 ere
1532 3326 1542 3358 ,
1568 3282 1639 3369 qui·

292 3358 357 3458 due
369 3356 608 3432 interdumnon
628 3378 697 3431 tarn
720 3378 770 3429 ret
793 3291 895 3456 iplPas,
946 3382 1021 3427 uam
1043 3353 1091 3426 sui
1110 3362 1230 3454 ingenii
1246 3357 1342 3432 foetur
1359 3294 1564 3455 condierat,
1588 3365 1639 3440 sed

290 3480 329 3527 ea
353 3450 567 3551 traduntque
594 3450 772 3527 multorum
802 3453 904 3524 oculis
921 3381 1067 3545 tlubjedia
1092 3461 1124 3520 δι
1151 3449 1316 3552 diligenter
1346 3452 1416 3531 sunt
1453 3461 1576 3533 extulit
1600 3463 1642 3535 ab

290 3558 330 3624 iis
342 3549 457 3648 quibus
468 3575 528 3621 nec
540 3552 628 3623 oculi
639 3551 888 3638 adridendum,
907 3571 966 3620 nec
981 3573 1092 3618 manus
1108 3549 1147 3618 ad
1161 3551 1385 3622 inveniendum
1401 3553 1513 3626 desunt
1537 3613 1548 3643 ,
1591 3565 1641 3630 ui.

291 3673 356 3744 que
369 3672 435 3717 non
449 3669 516 3717 tam
530 3644 644 3743 cupidi·
662 3632 734 3716 sunt
754 3658 924 3716 ‘te's‘novas
938 3644 1131 3714 ‘inveniendi
1149 3654 1168 3728 '‚
1193 3669 1293 3741 quam
1318 3671 1389 3741 quat
1412 3655 1551 3720 inventae
1567 3584 1641 3726 tlunt

289 3744 379 3812 velut
401 3742 441 3810 ad
467 3744 614 3813 incudem
636 3741 809 3811 revocandi
828 3767 839 3811 t
858 3741 940 3811 adeo
964 3763 1000 3810 ut
1020 3736 1043 3808 fi
1071 3736 1159 3808 forti
1182 3739 1343 3812 interdum
1365 3748 1508 3816 evenerit
1533 3770 1568 3819 ut
1588 3774 1640 3822 eos

289 3835 398 3928 aliqua
415 3833 567 3905 fefellerit
577 3832 785 3919 obscrn2i03
806 3831 942 3930 idipsum
956 3856 1022 3903 non
1038 3837 1156 3903 minori
1170 3835 1262 3904 lucro
1273 3861 1437 3932 apponant
1460 3892 1470 3916 ‚
1498 3864 1599 3934 quam
1619 3843 1638 3914 fi

288 3953 413 4002 novum
432 3928 584 4021 quiddam
595 3927 636 3997 ab
648 3933 687 3997 iis
701 3951 862 4025 repertum
882 3927 997 3998 fuisset.
1027 3935 1108 4001 Non
1130 3935 1217 3999 enim
1231 3936 1312 4000 tanti
1324 3933 1368 4001 esi
1381 3930 1464 4003 falsae
1479 3936 1640 4028 cujusdam

290 4021 436 4124 gloriola
447 4026 636 4119 aucupatio,
656 4047 757 4119 quam
772 4019 940 4119 ingeniosae
961 4023 1112 4094 illusionis
1129 4019 1282 4096 successus
1301 4048 1491 4124 extorquere
1521 4034 1640 4128 pollet,

290 4143 327 4191 ut
339 4112 527 4190 transversos
547 4140 621 4212 agat
635 4115 781 4190 homines
793 4122 934 4190 veritatis
952 4142 1120 4208 amantes3
1137 4145 1174 4190 ea
1196 4120 1262 4190 laus
1284 4127 1317 4190 in
1337 4122 1441 4217 plures
1457 4122 1558 4196 divisa
1573 4158 1641 4229 pee-

291 4238 407 4312 parum
418 4205 534 4282 afferre
569 4215 647 4284 otest
660 4217 818 4286 momenti
834 4269 846 4301 ,
875 4239 952 4287 cunt
972 4213 1013 4284 ab
1028 4212 1098 4285 aliis
1113 4242 1199 4287 nova
1216 4238 1461 4314 proponantur,
1486 4217 1540 4292 alii
1554 4250 1642 4300 certo

290 4308 413 4404 judicio
426 4237 814 4406 propoliiapetpendant,
832 4333 930 4408 atque
950 4334 1062 4382 omnes
1071 4315 1104 4380 in
1126 4311 1217 4402 hujus
1239 4309 1339 4381 laudis
1356 4336 1480 4409 partem
1502 4328 1641 4397 veniant

292 4404 428 4476 Accedit
443 4404 540 4471 etiam
554 4403 715 4473 nonnulla
727 4404 939 4476 aemulationis
954 4412 1036 4476 intet
1052 4403 1179 4477 Philoso
1203 4407 1260 4475 hos
1280 4403 1353 4477 satis
1372 4405 1490 4479 ufitatae
1511 4419 1640 4505 quidam

291 4497 435 4570 stimulus
450 4551 460 4579 ,
483 4520 550 4590 qno
563 4521 639 4566 cura
654 4507 688 4569 &
710 4500 846 4570 studium
858 4505 929 4570 acui
938 4498 1041 4589 solet,
1062 4507 1106 4573 ita
1128 4524 1163 4572 ut
1175 4434 1273 4573 lbera
1283 4500 1342 4572 sint
1356 4509 1504 4575 omnium
1517 4511 1643 4602 iudicia,

289 4617 395 4689 neque
409 4590 491 4661 ullus
504 4588 540 4662 stt
552 4588 751 4663 assentationi
765 4594 866 4667 locus.

336 4694 425 4761 111.
452 4683 515 4762 Etsi
536 4691 737 4790 praecipuum
752 4690 935 4762 Academia
951 4692 1091 4765 studium
1107 4694 1142 4764 in
1163 4694 1197 4764 id
1219 4691 1374 4767 collatum
1400 4693 1462 4768 fuit
1484 4723 1520 4773 ut
1534 4727 1638 4801 partes
