3646 5430
281 399 630 472 ACADEMIAE
678 400 1156 479 immutamur.
1390 417 1448 503 535

74 515 192 567 mutua
209 519 340 593 apparet
352 497 521 583 distantia,
535 520 645 593 ecque
655 498 903 593 minusconfuse
914 501 1060 573 videntur
1076 528 1085 573 ι
1099 502 1184 571 unde
1194 503 1298 573 minus
1314 499 1449 601 obliqua

80 589 197 689 pofirio
214 617 265 662 eas
280 597 412 689 propius
431 588 490 665 sibi
500 597 640 665 invicem
652 595 823 671 admovet,
841 601 994 692 armagis
1008 595 1189 670 confundit.

126 694 157 759 V
171 695 221 761 11.
247 692 292 760 Er
306 689 353 760 his
367 688 476 786 colligi
494 690 595 788 potest
608 693 641 760 in
653 695 763 778 vitris,
778 715 850 787 φιτ
866 690 939 764 licet
950 690 1150 790 aequabilirer
1163 691 1255 765 densa
1268 697 1450 784 videantur,

75 806 187 857 tamen
207 809 254 856 res
267 785 408 877 objectas
423 785 661 882 multiplicant,
680 782 860 886 superficies
874 813 942 859 non
955 785 1108 884 exquisite
1121 785 1182 861 else
1196 790 1382 886 parallelas,
1396 789 1449 864 sed

78 880 870 1076 illi?allilia}‘luilll‘iliaiilff‘²l
872 882 1461 1076 {lll¹,1‘l‘i¹¹⁵-rrlll⁰lflll;

79 1077 163 1144 Hire
177 1080 258 1147 eruit
271 1096 377 1144 tutum
398 1072 585 1171 explorandi
606 1075 764 1161 modum,
781 1100 823 1146 an
836 1079 923 1147 vitro
936 1074 1008 1147 infit
1022 1075 1072 1146 vel
1094 1080 1230 1149 minimi
1248 1084 1280 1150 in
1294 1078 1449 1151 densitate

79 1166 145 1265 ipsa
156 1170 402 1267 inaeqrtalitas,&
414 1171 478 1268 qui
489 1174 522 1239 in
533 1191 622 1266 parte
633 1168 688 1241 illa
705 1168 1022 1269 delitescat3cumque
1033 1170 1193 1269 potiffima
1207 1180 1239 1245 in
1249 1175 1449 1274 perficiendis

78 1262 244 1364 telescopii
263 1270 353 1337 vitris
367 1274 400 1336 de
413 1271 529 1337 centris
542 1290 657 1338 eorum
673 1263 859 1338 definiendis
880 1266 1051 1341 difficultas
1070 1267 1170 1366 pofita
1197 1265 1234 1342 stt
1258 1277 1292 1344 in
1310 1277 1450 1346 maxima

79 1359 231 1435 denfirare
245 1385 300 1434 aut
313 1360 447 1433 crallrtic
463 1387 578 1432 corum
591 1363 804 1448 invenienda,
818 1366 887 1459 φιὸ
902 1364 1031 1461 praecisd
1046 1367 1079 1434 in
1095 1388 1207 1438 centro
1219 1365 1328 1466 figurae
1342 1368 1451 1442 collo·

78 1480 188 1549 cetur,
210 1485 285 1532 cum
302 1456 386 1527 bene
407 1456 478 1531 sunt
498 1455 660 1529 elaborata
674 1466 708 1530 dc
723 1457 864 1557 errpolita
877 1517 887 1548 ,
898 1483 937 1530 ex
953 1460 1131 1531 constitutis
1144 1467 1307 1562 principiis
1318 1462 1449 1538 facilem
1499 1524 1506 1537 .

76 1560 162 1627 eruit
173 1556 362 1627 methodum
373 1556 437 1648 qula
451 1557 482 1626 id
498 1549 599 1652 ipsum
614 1549 805 1652 perficiatur.
844 1559 899 1627 Sic
939 1580 986 1625 uae
1005 1559 1090 1652 prius
1110 1581 1206 1629 rnerae
1224 1554 1449 1658 speculationis

77 1650 140 1723 else
159 1649 222 1723 visa
238 1650 329 1739 sunt,
344 1651 519 1723 aderitum
533 1650 712 1748 perducito,
728 1654 768 1722 ad
782 1651 872 1722 usum
882 1580 1005 1751 ipsum,
1023 1653 1161 1725 &utiles
1173 1659 1377 1754 operationes
1387 1681 1448 1731 not

78 1749 212 1821 ducunt.

132 1848 303 1917 Hactenus
315 1843 354 1913 de
366 1845 404 1912 iis
418 1868 488 1939 quat
500 1845 540 1917 ad
554 1849 727 1946 Opticam,
743 1843 793 1916 vel
809 1847 1037 1944 Catoptricam
1051 1839 1217 1944 speciant,
1233 1870 1320 1917 nunc
1341 1846 1381 1916 de
1408 1849 1448 1918 iit

76 1942 240 2040 agendum
261 1964 331 2034 quae
347 1939 387 2009 ad
400 1941 594 2037 dioptricam
609 1949 710 2040 magis
721 1943 869 2013 videntur
880 1946 1050 2040 pertinere.

128 2042 218 2112 vl1.
244 2039 308 2107 Die
329 2065 373 2128 ²4
388 2039 503 2109 Martii
521 2042 564 2110 D.
586 2037 760 2136 Homberg
775 2032 927 2135 scriptum
942 2037 1042 2135 legit,
1066 2041 1099 2108 in
1128 2062 1197 2132 quo
1214 2036 1348 2111 effectur
1370 2038 1447 2111 vitri

79 2134 243 2228 cujusdam
260 2133 393 2224 ustorii,
416 2141 448 2202 dc
471 2138 637 2208 contendi
660 2141 741 2206 ratio
767 2140 983 2207 continentur.
1022 2139 1069 2207 D.
1093 2133 1304 2208 Tscbirnause
1329 2130 1447 2206 nobilio

77 2237 263 2301 Germanus
278 2252 359 2296 unus
373 2255 411 2299 ex
428 2230 627 2303 Academicis
642 2234 821 2328 aggregatis
837 2252 939 2300 artem
975 2229 1086 2302 arandi
1099 2237 1178 2301 vitra
1187 2237 1350 2325 utrimque
1363 2253 1447 2302 con·

80 2349 187 2410 vexa,
210 2347 350 2418 quorum
370 2324 523 2396 diameter
543 2328 581 2395 ad
602 2350 665 2398 tres
677 2349 731 2396 aut
745 2348 884 2420 quatuor
904 2256 997 2422 pedis
1016 2350 1104 2422 patet
1118 2382 1129 2413 ,
1144 2332 1364 2425 excogitavit,
1384 2349 1445 2396 va·

82 2423 147 2489 rios
159 2444 274 2491 eorum
287 2416 441 2507 efflans,
462 2423 673 2517 quovemodo
687 2423 725 2490 acl
739 2418 829 2490 usum
846 2417 905 2490 srnt
920 2419 1098 2492 adhibenda
1117 2446 1192 2491 cum
1211 2431 1256 2497 D.
1271 2419 1446 2520 Homberg

80 2517 348 2588 communicavit.
366 2521 513 2612 Figuram
534 2515 630 2587 habes
645 2521 678 2585 in
694 2514 828 2587 secunda
847 2512 963 2585 tabella
977 2541 1070 2587 aenaea
1086 2517 1290 2590 delineatam.

131 2617 260 2683 Vitrum
284 2615 312 2676 A
327 2615 351 2681 B
364 2608 421 2681 suo
435 2613 513 2711 pede
527 2637 563 2684 ut
574 2618 607 2683 in
625 2609 754 2712 speculo
770 2613 913 2697 ustorio,
930 2611 1026 2707 quale
1043 2618 1076 2685 in
1094 2610 1330 2685 Observatorio
1344 2633 1445 2703 extat,

80 2707 273 2777 instratum
289 2712 333 2777 ita
355 2708 425 2779 Soli
446 2706 651 2798 obvertitur,
676 2732 712 2782 ut
736 2709 838 2779 radios
862 2705 935 2777 solis
960 2709 999 2777 ad
1023 2709 1284 2808 perpendiculum
1304 2707 1447 2782 vibratos

81 2808 233 2899 excipiat.
277 2806 312 2873 ld
326 2830 405 2876 vero
419 2801 588 2877 innotescit
608 2831 709 2893 ,cum
723 2812 786 2877 ima
813 2802 919 2874 osolis
931 2807 964 2874 in
983 2803 1097 2878 focoE
1116 2811 1207 2876 omni
1219 2831 1257 2878 ex
1277 2828 1366 2904 parte
1391 2830 1445 2877 ro·

80 2903 181 2973 tunda
201 2924 341 2998 apparet.
384 2906 457 2972 Hos
479 2898 746 2999 scilicttcxcipiet
761 2829 866 2973 tabula
889 2902 921 2972 C
943 2905 997 2988 D,
1014 2925 1086 2998 quat
1106 2907 1192 2971 vitto
1207 2906 1273 2973 ΑΒ
1299 2906 1359 2972 etit
1388 2927 1447 2999 pa·

82 2993 201 3067 rallela.
220 2997 357 3089 Quodsr
375 3003 485 3094 imago
498 2993 570 3067 solis
586 2993 621 3068 fit
635 2998 749 3086 ovalis,
761 3023 816 3071 aur
827 2996 982 3094 ellepticae
994 2995 1095 3094 figure
1110 2995 1152 3070 fic
1167 3002 1286 3069 vitrum
1299 2996 1447 3069 inclinari
1514 3037 1521 3051 ·

78 3101 117 3165 de
135 3091 222 3162 flecti
234 3092 348 3180 debet,
362 3095 439 3163 dum
451 3088 657 3190 soliseffigics
669 3100 805 3164 omnino
823 3093 960 3163 rotunda
978 3090 1034 3164 fiat
1056 3151 1066 3180 ,
1084 3119 1157 3168 tum
1176 3118 1255 3164 veto
1274 3091 1446 3192 plumbum

82 3187 222 3283 liquabit
235 3247 244 3274 ,
258 3190 382 3286 lignum
395 3191 542 3261 incendet
554 3198 587 3261 dc
602 3190 721 3286 lapides
735 3190 906 3271 caeruleos,
927 3188 1028 3286 vulgo
1047 3189 1184 3279 ardoiser
1203 3195 1237 3259 in
1262 3196 1343 3263 vitra
1361 3215 1445 3262 con·

83 3280 189 3354 versos
209 3284 298 3354 dabit
316 3288 354 3356 ad
371 3317 404 3360 rr
419 3288 535 3382 pedum
548 3286 741 3370 distantiam,
755 3285 811 3356 ubi
825 3284 891 3355 foci
908 3286 1061 3355 diameter
1080 3285 1329 3383 sesqui-pollicit
1356 3285 1445 3360 batua

84 3405 117 3449 ta
138 3380 194 3452 est.
231 3388 311 3475 Quo
329 3380 421 3452 focus
434 3379 470 3452 lit
484 3386 629 3475 vegetior
641 3436 651 3465 ,
663 3382 898 3450 contrahendus
911 3381 954 3449 est
970 3381 1158 3473 interpositu
1185 3379 1326 3451 sccundae
1350 3381 1445 3454 lentis

84 3479 106 3544 F
120 3482 149 3546 G
170 3530 180 3559 ,
198 3481 298 3570 priori
314 3482 341 3546 A
360 3483 381 3544 B
399 3474 574 3573 parallelae,
588 3496 726 3564 tumque
742 3472 834 3543 focus
845 3474 974 3545 accedet
987 3474 1025 3540 ad
1042 3479 1075 3543 H
1091 3498 1208 3569 ,atque
1222 3474 1306 3543 illius
1322 3477 1446 3547 diame·
1571 3514 1574 3519 ·

82 3593 132 3641 ter
150 3580 165 3637 8
181 3570 335 3640 lineorum
350 3569 455 3641 futura
466 3569 510 3638 est
525 3594 535 3637 ε
549 3565 599 3638 sed
611 3567 751 3637 visillius
762 3569 866 3639 multo
878 3574 981 3660 major
994 3573 1066 3651 crit,
1079 3572 1161 3639 adeo
1176 3590 1211 3639 ut
1224 3592 1361 3668 corpora
1373 3595 1445 3666 qux

80 3672 118 3737 in
131 3673 176 3751 E,
191 3667 283 3737 standi
300 3694 367 3736 non
382 3687 551 3765 poterant,
570 3668 637 3734 cito
654 3661 830 3758 liquescant
843 3668 875 3732 in
888 3668 936 3736 H.

145 3769 262 3836 v111.
286 3768 373 3833 lntet
384 3757 516 3831 effictus
529 3757 622 3847 hujus
633 3763 708 3830 vitri
721 3757 754 3829 bi
767 3758 837 3831 sunt
863 3763 1013 3860 praecipui
1033 3817 1044 3848 ,
1066 3762 1188 3859 lignum
1211 3759 1444 3857 quodcumque

86 3860 163 3931 illud
192 3860 227 3930 stt
253 3863 351 3929 etiam
382 3857 544 3926 madidum
568 3855 674 3926 statim
703 3853 869 3928 flammam
892 3861 1081 3954 concipiet,
1108 3879 1194 3951 aqua
1217 3856 1350 3954 angusto
1373 3857 1447 3932 vase

86 3979 236 4026 contenta
253 3960 320 4026 cito
331 3954 463 4027 ebulliet
476 3987 486 4041 3
501 3951 627 4023 metalla
637 3952 818 4021 dummodo
832 3978 898 4022 non
912 3948 972 4022 srnt
986 3951 1056 4048 plus
1071 3951 1142 4024 satis
1155 3952 1274 4040 craffa,
1290 3953 1447 4047 paulatim

86 4051 259 4121 fundentur
274 4086 284 4140 3
299 4050 419 4122 serrum
436 4053 470 4118 in
481 4049 612 4116 laminas
628 4045 793 4116 diductum
808 4050 948 4143 primum
964 4047 1162 4120 incandescet
1174 4105 1185 4136 ,
1197 4071 1268 4118 tum
1283 4045 1448 4146 liquescet.

85 4148 243 4244 Tegula,
263 4147 379 4239 ardefiq
401 4202 410 4232 ,
439 4147 607 4241 pumices,
631 4141 828 4228 testae,talei
847 4143 951 4221 statim
968 4140 1136 4215 rubescunt
1152 4201 1163 4231 ,
1179 4167 1249 4215 tum
1271 4150 1303 4213 in
1327 4150 1448 4215 vitrum

84 4244 215 4328 abeunt,
226 4242 368 4339 sulphur,
383 4247 446 4340 pix.
462 4236 563 4314 resina
573 4242 669 4309 eriam
685 4234 740 4309 sub
754 4243 840 4337 aquai
853 4236 1015 4333 liquantur
1030 4273 1039 4327 3
1053 4245 1144 4339 pinus
1156 4262 1211 4311 aut
1224 4238 1308 4309 aliud
1325 4239 1450 4336 lignum

85 4365 232 4415 tenerum
249 4338 437 4409 extrinsecus
457 4342 511 4406 vix
530 4343 739 4404 immutatum
755 4357 912 4434 apparet,
928 4327 979 4403 sed
992 4340 1078 4408 intus
1093 4341 1125 4406 in
1140 4334 1316 4405 carbonem
1340 4358 1451 4404 muta·

85 4462 146 4509 tur.
189 4432 336 4506 Carboni
353 4435 461 4528 ligneo
472 4453 626 4502 excavato
645 4426 668 4499 sr
683 4440 817 4503 materia
832 4433 952 4527 quaevis
972 4436 1181 4527 imponatur,
1207 4426 1340 4500 effediut
1356 4451 1450 4502 erunt

86 4533 193 4605 multo
205 4540 353 4622 majores.
380 4528 554 4599 Metallum
572 4531 658 4595 enim
673 4527 903 4623 quodcumque
918 4525 996 4594 illud
1018 4525 1054 4597 fit
1075 4523 1207 4597 carboni
1230 4522 1359 4623 pertuso
1384 4530 1449 4595 im·
1567 4556 1570 4560 ·

85 4626 225 4726 positum
240 4626 306 4696 citb
322 4626 462 4719 liquatur
479 4619 622 4711 ,ferrum
639 4617 789 4694 scintillas
805 4624 910 4694 vibrat
931 4626 1011 4690 utin
1028 4623 1146 4691 ustrina
1156 4619 1299 4708 ferraria,
1310 4625 1389 4717 quin
1411 4627 1448 4713 84

85 4721 216 4796 metalla
231 4720 400 4818 plumbum
418 4720 576 4815 imprimis
596 4725 630 4787 dc
646 4717 793 4794 stannum
809 4720 925 4792 diutius
938 4712 981 4788 lic
994 4718 1120 4790 detenta
1138 4715 1270 4789 avolant
1292 4773 1303 4805 ,
1326 4717 1447 4790 cineret

84 4819 169 4922 ligni
185 4826 219 4893 dr
238 4815 412 4893 herbarum
424 4809 609 4891 vitrtscunt.
1271 4911 1276 4924 ι

1104 4907 1230 4987 Bbbb
1255 4912 1289 5007 iij
