3646 5430
296 395 357 462 t3o
514 392 522 404 ·
618 353 1342 440 R⁴t615801ENT1ARUM

163 461 228 536 Aa
241 485 278 537 u.
297 462 472 541 littoribus.
510 458 673 558 Oblongo
699 463 725 530 is
746 459 792 528 est
808 454 939 543 rostro,
958 453 1085 523 adunco
1102 458 1137 525 &
1154 473 1278 539 ²⁶⁰⁸02
1308 475 1378 547 <1¹¹⁰
1397 445 1497 560 Pisce?
1515 457 1651 553 “Phil

160 570 259 655 ¹⁶74·
297 560 349 633 sed
364 587 439 633 cum
452 563 474 634 d
489 583 581 658 tergo
597 579 745 640 rantum,
760 575 816 624 aut
834 547 1022 622 diareribus
1043 549 1081 617 iis
1094 545 1277 634 insidietur,
1293 570 1391 642 atque
1411 546 1458 619 ob
1480 574 1554 623 eam
1572 576 1653 624 otu.

295 658 363 729 sam
375 682 491 729 eorum
505 654 639 728 caudam
652 674 708 722 aur
721 655 834 748 pinnas
846 645 1004 742 deglutire
1021 666 1089 714 non
1110 640 1232 739 pollis,
1253 664 1364 742 captos
1385 639 1508 717 sursum
1529 651 1564 719 in
1575 653 1652 722 a'c‘ra

295 750 340 824 sc
353 757 503 851 projicit,
527 773 562 822 ut
578 768 804 845 caputmagna
814 745 998 839 dexteritate
1019 743 1344 837 primumercipiat‚
1369 763 1430 810 nec
1451 738 1579 815 aberret
1592 769 1652 816 un.

296 874 407 945 quam.
437 851 488 919 Ad
504 842 713 947 piscationem
724 840 787 931 hec
798 842 864 910 av'u
878 859 1000 934 magno
1012 830 1081 906 usui
1094 831 1155 905 else
1167 830 1264 905 solet:
1283 834 1334 904 sed
1349 833 1427 905 colli
1447 833 1653 937 oblongioris

295 969 367 1042 pars
383 943 495 1014 infima
506 935 627 1012 annulo
642 935 747 1010 ferreo
760 934 1011 1030 constringitur,
1036 954 1077 1001 ne
1090 929 1188 1031 pisces
1206 927 1383 1029 oesopbago
1396 929 1504 1005 latiori
1527 939 1654 1034 excepti

296 1048 364 1132 ejus
376 1037 592 1109 ventriculum
603 1028 745 1106 subeant.

89 1198 93 1205 .
343 1140 494 1232 Qatuor
514 1133 599 1232 pedis
618 1130 711 1228 digiti
730 1123 925 1199 membranis
942 1145 1033 1195 erant
1047 1125 1187 1196 devinsli
1200 1147 1236 1195 ut
1251 1127 1287 1194 in
1302 1119 1423 1197 Ansere
1438 1128 1572 1198 scotico
1582 1134 1652 1222 jam

166 1219 169 1223 ¹
295 1253 370 1301 aute
392 1225 596 1301 observatum
609 1224 724 1298 suerat.
756 1229 908 1318 Qatuor
928 1218 978 1290 illi
1003 1221 1034 1290 di
1059 1224 1095 1289 iti
1112 1223 1132 1290 a
1148 1225 1257 1318 primo
1269 1223 1309 1291 ad
1327 1219 1480 1293 ultimum
1499 1245 1555 1320 per
1574 1249 1651 1321 gra·

295 1325 354 1394 dus
368 1321 602 1396 decrescebant.
629 1325 756 1394 Primus
768 1315 950 1391 extrorsum
967 1372 977 1403 ,
998 1245 1112 1412 sesqui
1129 1310 1304 1387 introrsum
1319 1316 1516 1412 vergebant,
1530 1325 1650 1416 primus

296 1424 443 1516 quinque
455 1477 467 1508 ,
480 1413 632 1490 secundus
642 1439 809 1514 quatuor,
827 1417 937 1485 tertius
948 1409 1050 1482 tribus
1065 1466 1077 1496 ‚
1092 1410 1225 1483 ultimus
1243 1410 1367 1485 duobus
1386 1434 1514 1486 tantum
1535 1412 1651 1490 ollibus

299 1513 477 1590 constabat.
1387 1579 1398 1594 ,

346 1611 515 1681 Struslura
531 1612 647 1708 pedum
667 1609 826 1681 nutationi
840 1602 906 1677 visa
917 1605 962 1676 est
976 1606 1115 1676 maxime
1128 1605 1375 1676 accommodata
1392 1632 1402 1678 ι
1422 1605 1543 1706 triplici
1563 1611 1650 1679 enim

297 1703 484 1776 membrana
501 1730 641 1801 quatuor
654 1706 749 1798 digiti
774 1727 837 1773 una
853 1701 997 1798 colligati
1015 1726 1135 1798 aquam
1162 1726 1281 1799 magna
1303 1701 1456 1774 facilitate
1475 1700 1650 1775 retrorsum

296 1822 407 1898 agunt.
444 1806 536 1899 Qin
559 1807 658 1873 etiam
685 1794 827 1870 Gesnero
848 1797 949 1882 telle,
991 1798 1048 1868 cde
1072 1795 1176 1868 altero
1196 1798 1334 1893 predam
1358 1794 1478 1870 sursum
1503 1797 1649 1886 vehunt,

296 1919 373 1967 curu
399 1899 529 1967 interim
554 1897 674 1995 pedum
696 1895 856 1991 digitis&
881 1822 1077 1963 membranis
1097 1888 1270 1963 introrsum
1289 1891 1416 1965 dellens
1443 1917 1563 1992 aquam
1593 1890 1649 1963 sub

136 2060 146 2069 ,
295 2005 418 2062 ventre
431 1994 519 2064 resia
537 1991 657 2089 pellant
671 2016 680 2061 t
696 2013 757 2059 nec
770 2012 888 2088 corpus
901 1986 965 2057 buc
985 1985 1062 2058 illuc
1075 1986 1227 2060 deflestis.
1247 1991 1345 2059 Secus
1356 1994 1505 2062 eveniret
1522 1987 1544 2058 fi
1559 1989 1649 2086 digiti

296 2082 474 2157 extrorsum
509 2091 705 2158 rominerent
720 2107 811 2157 :tum
824 2089 914 2155 enim
930 2082 1014 2153 idem
1025 2085 1183 2153 accideret
1196 2086 1285 2178 quod
1303 2089 1337 2154 in
1350 2082 1467 2183 scapha
1479 2088 1649 2172 ceruimus,

296 2179 375 2249 dum
388 2203 455 2251 uno
493 2204 635 2252 nmtaxat
650 2206 745 2251 ramo
761 2180 938 2278 impellitur
958 2204 968 2250 ι
983 2204 1018 2249 ea
1037 2183 1158 2275 quippe
1170 2183 1205 2249 in
1217 2180 1332 2251 orbem
1344 2186 1469 2278 agitur,
1483 2204 1553 2250 non
1567 2183 1648 2250 redit

297 2299 530 2371 promovetur,
541 2301 580 2348 ac
593 2281 710 2376 pedum
724 2275 861 2346 brevitas
880 2275 955 2345 huic
968 2297 1101 2371 quoque
1113 2278 1158 2344 rei
1170 2269 1275 2348 servit.
1314 2275 1435 2349 Namsr
1453 2301 1508 2375 pes
1521 2275 1647 2375 longior

297 2367 373 2440 ellet
387 2395 401 2456 ,·
414 2369 565 2467 obliquus
583 2376 686 2471 magis
699 2370 787 2442 soret
799 2392 946 2456 natatus,
964 2396 1003 2440 ac
1014 2393 1070 2468 pes
1085 2394 1154 2439 non
1169 2373 1255 2441 resia
1265 2376 1368 2443 ventri
1384 2369 1547 2468 subjestus
1558 2369 1649 2443 facile

298 2462 363 2550 huc
375 2464 451 2537 illuc
467 2465 661 2542 deflecteret.

303 2616 306 2620 »
347 2563 553 2634 Ventriculus
570 2572 604 2636 dc
616 2557 958 2662 oesophagusejusdcm
970 2560 1083 2633 forma
1108 2570 1142 2634 dc
1165 2560 1383 2659 amplitudinis
1398 2560 1480 2643 vili,
1501 2565 1557 2636 ubi
1577 2567 1649 2638 ae‘re

298 2650 371 2726 sunt
383 2656 485 2728 inflati
499 2685 508 2728 t
524 2685 544 2757 p
569 2658 656 2730 lorus
669 2684 736 2729 non
755 2657 875 2730 sursum
888 2656 1022 2729 reflexus
1042 2714 1053 2743 ,
1070 2651 1122 2727 sed
1135 2657 1223 2754 quast
1237 2663 1272 2727 in
1288 2660 1396 2730 medio
1408 2657 1555 2757 posrrus;
1579 2687 1649 2758 pars

299 2758 366 2843 ejus
386 2752 530 2824 musculo
543 2780 561 2824 a
575 2756 670 2826 instar
688 2750 771 2825 sacci
783 2749 931 2824 deorsum
942 2749 1090 2851 pensilis,
1112 2751 1198 2823 forti
1209 2776 1244 2823 ut
1256 2749 1377 2824 sursum
1390 2754 1549 2855 propellat
1562 2758 1649 2854 quod

301 2844 320 2915 ὲ
340 2841 500 2946 superiore
515 2859 549 2922 &
563 2850 709 2948 longiore
721 2848 902 2921 ventriculo
913 2848 1055 2935 decidit,
1079 2843 1134 2917 ubi
1150 2850 1258 2918 coslio
1277 2847 1503 2923 alimentorum
1518 2855 1649 2947 perusia

298 2941 354 3012 est.
392 2949 530 3016 Interior
541 2945 713 3018 ventriculi
726 2942 912 3016 membrana
931 2942 1088 3041 glandulis
1106 2946 1187 3016 inter
1200 2942 1231 3013 st
1246 2943 1473 3033 conglutinatis
1486 2943 1651 3045 conspersa

299 3036 344 3106 est
362 3061 432 3134 quae
452 3035 653 3139 superficiem
668 3046 856 3115 interiorem
873 3040 961 3111 velut
982 3045 1089 3137 granis
1109 3037 1253 3139 asperam
1270 3035 1425 3116 efficiunt.
1464 3041 1649 3113 Consimilis

298 3128 368 3204 ferd
387 3133 539 3206 struslura
555 3130 657 3207 infimi
674 3137 885 3208 ventriculiiu
897 3134 1086 3232 quibusdam
1104 3130 1331 3206 struthionibus
1344 3142 1474 3210 inventa
1488 3140 1545 3225 ejst.
1570 3141 1650 3211 uua

298 3230 488 3395 bppmssoes
506 3257 578 3398 qlprp
589 3231 705 3342 duplex
713 3231 805 3396 lpelut
817 3256 944 3395 emplum
955 3229 1121 3319 efficiunt,
1137 3256 1214 3328 quas
1225 3237 1258 3302 iu
1274 3233 1569 3332 onmibus'teperiri
1580 3238 1647 3306 avi.

325 3346 406 3394 uste
432 3348 503 3396 atur
546 3351 694 3414 eonius,
737 3351 788 3397 ure
802 3352 857 3397 avr
890 3348 1008 3401 terant.

351 3425 459 3493 Renes
470 3447 538 3492 non
552 3445 588 3493 ut
606 3427 639 3492 in
653 3428 790 3494 maxima
803 3426 913 3493 avium
928 3445 1018 3521 parte
1035 3426 1070 3495 in
1083 3445 1146 3497 tres
1159 3423 1254 3496 lobos
1267 3421 1383 3511 divisi,
1399 3420 1453 3495 sed
1467 3426 1558 3498 velut
1571 3426 1647 3498 deni

299 3513 384 3588 tibus
406 3516 492 3588 incifi
512 3541 601 3590 erant
620 3521 715 3590 inslar
729 3520 826 3589 crillae
842 3518 933 3614 galli.
1071 3580 1074 3587 .

345 3613 453 3710 Cyllis
474 3612 568 3684 fellea
593 3616 615 3686 cl
640 3624 746 3707 jecore
771 3610 938 3704 sejuncta,
966 3614 1089 3690 collum
1102 3616 1329 3689 tantummodo
1349 3615 1426 3689 huic
1446 3619 1645 3712 cohaerebat3

301 3705 392 3777 lienis
408 3734 482 3778 cum
499 3708 858 3781 ventriculonullaerat
872 3706 1010 3807 pervasa
1027 3718 1196 3786 connexio.

349 3800 474 3900 Asperat
488 3810 608 3875 arteriae
635 3809 751 3900 integri
763 3829 853 3876 erant
867 3805 987 3881 annuli.
1019 3813 1093 3904 Qa
1108 3833 1196 3909 parte
1218 3812 1252 3880 in
1266 3809 1345 3882 duos
1357 3836 1466 3887 ramos
1477 3815 1643 3906 diducitur,

299 3892 397 3966 firmo
415 3907 448 3968 dc
468 3897 554 3967 olleo
566 3900 687 3970 annulo
700 3896 912 3973 muniebatur.

312 4000 318 4011 '
346 3991 557 4089 Crystallinus
573 3994 661 4064 oculi
674 3994 791 4064 humor
808 3993 960 4091 globosus
972 4019 1042 4070 erar
1053 3996 1120 4070 fere
1138 4022 1174 4076 ur
1186 4007 1219 4075 in
1229 4001 1389 4103 piscibus:
1412 4031 1490 4079 nam
1512 4011 1549 4080 in
1565 4010 1642 4108 aqua

301 4089 438 4192 praedam
454 4087 541 4159 suam
560 4113 747 4189 aucupatur.

349 4190 408 4255 Il.
436 4186 583 4268 Corvum
604 4191 763 4257 marinum
779 4193 903 4287 excepit
924 4193 1087 4286 quoddam
1106 4193 1297 4292 gallinarum
1319 4223 1443 4295 genus,
1467 4224 1549 4297 quas
1569 4207 1643 4274 Bar-

299 4279 395 4351 bariae
410 4306 464 4351 aut
478 4278 595 4355 Africae
615 4282 750 4380 gallinas
770 4309 919 4374 vocant,
939 4309 1037 4383 atque
1058 4290 1102 4360 ob
1123 4290 1302 4387 elegantem
1324 4297 1524 4367 macularum
1546 4300 1644 4396 pisio-

299 4400 370 4447 ram
387 4404 417 4446 v.
444 4373 498 4442 des
519 4375 691 4466 Prusiades,
717 4384 924 4453 nominantur
944 4418 953 4473 3
975 4383 1099 4456 tametsi
1118 4385 1241 4458 colores
1256 4411 1384 4461 tanturn
1403 4393 1469 4462 duo
1492 4393 1583 4463 albus
1614 4400 1644 4465 dc

300 4477 391 4570 niger
407 4473 535 4544 alternis
550 4474 715 4545 ordinibus
729 4475 805 4571 apti
817 4473 976 4575 dispositi,
992 4490 1025 4551 δι
1046 4480 1134 4577 quafi
1150 4484 1301 4581 penicillo
1315 4485 1462 4558 delineari
1477 4487 1522 4557 ob
1542 4485 1643 4584 figure

299 4569 1647 4752 illisis.21⁰l.s¹3lil2⁰‘lt.¹is.‘..ldis?..silisis&fissilis

299 4691 437 4863 propiusl
446 4762 602 4838 accedunt
618 4691 775 4862 qudutgad
790 4764 953 4863 perdices,
969 4767 1035 4842 boc
1060 4791 1127 4844 uno
1154 4731 1291 4871 excepio
1311 4774 1403 4880 quod
1426 4775 1564 4850 caudam
1590 4773 1646 4857 lm
