3646 5430
400 339 725 424 acinum
759 345 1096 425 Hrs'roRtA.
1152 349 1303 426 ΜΝ.
1480 367 1548 445 '427
1641 369 1647 380 “

166 443 340 522 fimiter?
359 469 436 518 nom
461 445 583 519 celum
600 468 677 518 ante
691 444 831 518 mensem
860 440 996 546 persaepe
1023 444 1162 518 nubibus
1185 445 1364 519 obdouum
1389 442 1548 526 obllabar.
1561 451 1599 518 A
1625 467 1678 520 roa

175 549 225 635 ln,
233 547 264 615 id
288 540 489 642 potilllmum
505 541 653 614 incubuit
671 596 682 630 ,
702 564 739 614 ut
765 540 964 641 planetarum
981 546 1228 640 conjunbliones
1247 547 1279 615 in
1302 544 1419 616 eodem
1440 546 1547 643 paral·
1561 571 1642 639 nom.

173 639 252 714 lero·
269 639 522 739 deprehenderet
548 696 561 728 ,
582 663 655 736 quae
680 634 918 712 observationes
937 637 1009 713 sunt
1027 646 1178 740 certiores
1205 648 1240 713 δι
1257 641 1405 713 clariores
1425 697 1436 721 ,
1457 644 1549 738 quod

172 731 1551 932 {liiihstihiibilbili&‘hli?”ili‘5hh‘hlhhh

171 931 212 1001 ln
229 927 438 1028 conspedlum
457 933 599 1002 veniant.

228 1025 378 1122 Singulas
408 1021 647 1097 observationes
669 1046 907 1100 commemorat
930 1031 982 1102 Ι),
998 1023 1169 1112 Callinus,
1189 1031 1331 1130 primam
1362 1029 1480 1102 Martis
1512 1031 1548 1106 dc
1639 1111 1643 1115 ,

175 1127 314 1194 Veneris
345 1122 399 1192 die
429 1147 473 1218 25
509 1118 721 1195 Novembris.
765 1123 876 1220 Atque
895 1123 970 1197 hinc
991 1122 1206 1196 differentiam
1229 1127 1312 1193 inter
1340 1121 1552 1202 A-scensronee

174 1220 281 1292 tebias
300 1214 465 1315 utriusque
483 1216 618 1316 planeta
631 1221 713 1288 eruit
730 1246 750 1308 7
766 1221 856 1316 grad.
875 1250 911 1317 25
940 1250 948 1294 :
976 1220 1029 1292 sed
1054 1222 1145 1320 Mars
1169 1215 1276 1290 versus
1302 1219 1457 1295 austrum
1477 1251 1548 1300 ma·

173 1319 226 1412 gis
245 1311 456 1402 declinabat,
482 1337 582 1410 quam
603 1321 745 1388 uenus:
774 1318 858 1389 unde
884 1312 1071 1389 conclusum
1101 1315 1144 1388 ab
1170 1340 1212 1386 eo
1233 1313 1297 1386 fuit
1319 1314 1391 1388 fore
1426 1344 1462 1394 ut
1490 1348 1548 1421 per
1579 1387 1582 1393 .

172 1415 312 1486 Veneris
326 1409 518 1508 parallelum
536 1407 681 1481 transiret
702 1418 864 1485 matutino
877 1436 1025 1513 ternpore
1042 1470 1053 1501 ‚
1067 1413 1119 1484 die
1135 1416 1286 1511 proximo
1300 1408 1443 1510 sequenti
1463 1445 1472 1491 ι
1494 1418 1549 1496 sed

153 1517 221 1580 -e'o
233 1509 284 1579 die
299 1506 421 1578 coelum
437 1508 576 1578 omnino
589 1504 737 1579 nubilum
754 1507 836 1601 fuit,
851 1534 890 1581 ae
902 1513 1128 1581 baromettum
1148 1505 1300 1608 simplex,
1315 1513 1403 1605 quod
1416 1537 1546 1614 tempor-

168 1626 215 1675 re
226 1600 456 1676 obstrrationis
475 1602 514 1673 ad
528 1629 568 1692 ²7
582 1602 646 1701 dig.
671 1609 737 1677 &8
751 1605 810 1680 lin.
824 1605 1028 1679 altitudinem
1040 1600 1241 1685 ascenderat,
1255 1630 1297 1677 eo
1317 1610 1368 1677 die
1381 1631 1469 1686 tanta
1487 1629 1546 1687 ce.

175 1697 308 1771 lenitate
319 1696 500 1786 descendit,
521 1722 557 1768 ut
572 1701 664 1797 digiti
679 1697 881 1774 latitudinem
894 1709 978 1775 intra
995 1696 1202 1798 sesqui-diem
1217 1725 1413 1799 percurreret
1424 1764 1434 1796 ,
1445 1709 1547 1807 idque

175 1795 409 1867 tantummodo
424 1795 526 1866 altum
542 1793 629 1866 foret
651 1805 694 1868 26
714 1796 781 1896 dig.
803 1807 837 1872 δι
861 1801 893 1873 8.
917 1799 976 1871 lin.
1008 1804 1091 1894 Qae
1110 1802 1144 1869 in
1166 1797 1244 1868 loeo
1265 1794 1475 1875 observatoris
1499 1804 1546 1878 ese

172 1894 316 2060 zrirpipnp
329 1886 396 1965 fere
410 1889 601 1991 hydrargyti
620 1891 755 1966 altitudo
769 1920 778 1966 ε
792 1917 972 1968 nectamen
985 1896 1052 1968 ulla
1074 1898 1109 1965 in
1132 1897 1206 1967 a‘o're
1227 1891 1313 1967 foeba
1335 1893 1380 1966 est
1403 1905 1549 1974 murano

210 2010 232 2059 n
281 2009 345 2058 irs.

173 2076 176 2082 ’
233 2087 307 2155 tv.
369 2085 482 2156 Nouo
509 2087 640 2158 ineunte
676 2109 732 2185 per
769 2086 881 2163 sudum
907 2101 1034 2193 tempus
1063 2110 1239 2183 utrumque
1265 2084 1429 2184 planetam
1455 2085 1552 2182 licuit

171 2174 376 2266 obseruare,
404 2201 503 2277 arque
524 2186 569 2252 ita
591 2207 649 2282 per
666 2187 849 2284 complures
872 2189 939 2259 dies
962 2211 1076 2257 eorum
1105 2181 1178 2256 fitur
1195 2192 1229 2257 δι
1258 2183 1329 2256 loca
1352 2186 1550 2282 explorans,
1587 2238 1588 2241 ,

175 2282 215 2349 de
239 2279 484 2374 comparatione
513 2275 600 2350 fasta
631 2282 714 2351 inter
740 2279 976 2356 observationes
1009 2283 1178 2368 dierum7
1212 2287 1246 2352 δι
1262 2325 1265 2333 ·
1280 2305 1317 2350 12
1354 2280 1551 2358 Decembris

173 2379 339 2471 comperit
366 2378 499 2445 Veneris
531 2369 757 2451 Ascensronern
779 2381 901 2451 rectam
923 2384 1006 2451 intra
1033 2408 1049 2475 5
1083 2377 1208 2446 dierum
1232 2371 1369 2475 spatium
1391 2398 1545 2450 antever-

173 2486 246 2539 tere
284 2463 513 2540 Ascenfionem
544 2472 662 2541 Martis
692 2500 731 2548 ro
761 2479 842 2548 min.
881 2501 936 2561 24·
969 2473 1032 2549 sec.
1057 2478 1101 2547 ita
1132 2493 1168 2544 ut
1203 2495 1407 2567 unoquoque
1437 2473 1488 2542 die
1521 2497 1543 2548 ι

172 2566 259 2643 min.
286 2592 313 2661 4
336 2561 398 2639 sec.
422 2568 557 2637 variaret
590 2563 739 2641 Ascensro
768 2627 779 2659 ,
811 2576 910 2669 arque
934 2568 1084 2643 omnibus
1105 2566 1282 2639 rationibus
1299 2570 1360 2639 ritis
1385 2563 1552 2642 subductis

170 2659 300 2828 integr
320 2663 404 2754 die9
433 2659 623 2737 Decembris
641 2665 714 2743 hor.
727 2663 809 2769 18}
833 2668 1100 2766 conjundbionem
1123 2669 1293 2738 Martis&
1314 2670 1450 2738 Veneris
1463 2681 1545 2738 con'·

168 2770 203 2825 11
228 2761 240 2826 i
286 2809 296 2830 .

203 2779 271 2928 gv.
299 2856 353 2926 Sic
376 2856 427 2927 die
451 2886 485 2931 er
513 2857 704 2931 Decembris
729 2861 878 2962 postridie
903 2861 1026 2936 solstitii
1049 2918 1062 2951 ,
1089 2885 1163 2934 cum
1182 2881 1276 2932 mane
1303 2848 1447 2933 serenum
1469 2861 1550 2938 ellit

169 2950 324 3042 talum,
347 2949 431 3026 risus
446 2956 491 3026 est
516 2960 697 3027 Mercurius
716 2970 820 3050 major
840 2955 954 3048 solito,
977 2968 1010 3032 dc
1036 2956 1129 3057 plane
1143 2956 1320 3042 rotundus,
1343 2955 1465 3029 rameth
1481 2956 1548 3030 fal-

170 3049 629 3150 catusa'ppareredebuillet,
661 3076 735 3124 cum
762 3050 948 3126 inferiorem
977 3052 1021 3126 sui
1047 3052 1158 3124 circuli
1188 3073 1314 3149 partem
1341 3074 1515 3151 occuparet
1531 3112 1550 3148 r

168 3153 274 3246 idque
294 3143 470 3248 vaporibus
490 3152 573 3218 circa
593 3145 798 3223 horizontem
821 3147 895 3222 fusis
912 3149 1120 3223 tribuendum
1136 3149 1295 3220 existimat
1316 3155 1359 3222 Ι).
1387 3147 1551 3228 Colimust

168 3245 276 3323 Tubu
290 3251 403 3344 optieo
433 3299 435 3303 «
452 3245 568 3340 pedum
581 3241 643 3314 suis
668 3242 728 3316 filis
753 3248 909 3320 instruas
923 3242 1102 3320 differentia
1123 3241 1323 3333 hleenhonis
1347 3247 1441 3316 redl‘ae
1460 3249 1551 3325 Solia

161 3337 210 3418 *dc
234 3340 392 3416 Mercurii
414 3273 539 3439 lumpta
552 3396 563 3427 ,
577 3338 659 3411 tubo
671 3345 705 3410 in
723 3344 838 3415 eodem
855 3343 914 3415 litu
936 3344 1050 3415 re'liblo
1063 3400 1074 3431 ,
1088 3343 1166 3412 duris
1181 3339 1226 3412 sol
1246 3366 1303 3438 per
1318 3341 1456 3412 eundern
1481 3350 1546 3414 cii-

168 3437 287 3513 culum
303 3438 468 3511 horarium
483 3433 648 3524 transiret,
676 3461 748 3532 quae
774 3437 953 3510 differentia
977 3444 1107 3510 inventa
1124 3438 1167 3522 est
1197 3442 1290 3508 unius
1305 3437 1390 3506 horae
1415 3462 1450 3532 ¹3<
1464 3445 1553 3515 miri,

161 3554 212 3638 “52
234 3529 296 3609 sec.
321 3536 417 3632 paulo
441 3540 544 3627 major
570 3556 668 3627 quarn
694 3532 809 3604 tabulas
837 3533 1087 3633 Ephemeridurn
1123 3530 1239 3631 Argoli
1270 3526 1471 3626 exhibeant,
1511 3544 1548 3612 δι

166 3635 310 3734 propior
342 3629 469 3705 calculo
491 3626 741 3729 Ephemeridum
765 3629 991 3730 Meryavacliy
1016 3686 1029 3722 ‚
1059 3640 1132 3730 que
1155 3628 1217 3699 liae
1243 3629 1278 3698 iri
1296 3649 1331 3699 re
1355 3627 1551 3708 multorum

167 3750 402 3805 accuratiores.
1493 3749 1495 3753 ·

224 3834 259 3899 v
270 3828 298 3898 1.
334 3830 469 3898 Ineunte
483 3823 549 3894 hoc
563 3849 651 3898 anno
668 3830 714 3901 D.
729 3821 876 3895 Maraldi
888 3820 1137 3896 differtationem
1161 3821 1180 3894 ὲ
1202 3818 1321 3920 seripto
1343 3825 1492 3901 recitabit'
1506 3825 1552 3901 de

160 3926 272 3994 'variis
291 3919 544 4007 mutationibus,
584 3947 630 3993 uae
646 3924 729 3992 circa
745 3921 1000 4019 magnitudinem
1015 3920 1181 3992 stellarum
1189 3926 1398 4018 apparentem
1417 3924 1549 3996 accide-

162 4016 252 4110 ’ῐιιιιι
264 4026 354 4115 juxta
367 4041 512 4090 veterum
533 3947 804 4089 Ahronmnorum
824 4014 1072 4091 observationes.
1340 4107 1344 4115 ,

230 4119 279 4190 D.
302 4111 451 4187 Callinus
470 4114 521 4186 die
542 4137 576 4205 ²3
593 4115 682 4209 Junii
695 4110 931 4184 observationes
948 4108 1016 4185 suas
1034 4113 1113 4213 legit
1132 4118 1217 4185 cirta
1240 4109 1410 4186 transtrum
1426 4117 1548 4189 Martis

165 4212 330 4312 perjuris
342 4209 546 4310 parallelums
563 4213 653 4282 Idem
666 4210 716 4280 die
735 4231 753 4279 r
770 4205 966 4307 Septembris
979 4206 1133 4307 scriptum
1148 4209 1277 4311 legiode
1289 4208 1409 4282 duabus
1423 4208 1548 4300 fasciis,

168 4303 277 4407 iisque
289 4333 356 4378 non
365 4330 458 4379 antea
471 4305 566 4394 visis,
586 4310 712 4404 quasin
726 4311 854 4379 Saturni
866 4302 968 4404 globo
979 4308 1117 4383 derexit·
1138 4377 1141 4383 .

183 4496 184 4501 ἵ
228 4409 323 4479 Vll.
349 4407 400 4479 D..
411 4401 579 4477 Chazelles
594 4398 832 4474 observationes
854 4398 921 4473 ase
939 4398 1041 4475 fabbas
1055 4409 1145 4476 annis
1162 4416 1241 4488 iasa
1273 4412 1307 4475 δι
1333 4422 1381 4497 94
1393 4408 1428 4475 in
1446 4411 1549 4478 vania

165 4505 274 4576 maris
299 4501 527 4572 Mediterranei
552 4497 667 4584 locis,
701 4500 792 4594 quod
823 4494 902 4591 jullu
924 4498 1026 4600 Regis
1052 4496 1313 4596 Christia'nlllr'mi
1343 4499 1552 4574 observando

169 4602 385 4697 peragravit,
402 4605 477 4668 cum
494 4595 693 4682 Academia,
712 4599 764 4664 cui
778 4603 845 4684 jam
858 4614 951 4667 antea
966 4593 1140 4698 adscriptus
1163 4595 1297 4685 fluerat,
1318 4602 1544 4669 communica.

166 4695 223 4764 bic
235 4750 246 4780 ,
256 4713 297 4762 er
309 4693 425 4790 quibus
440 4683 568 4763 urbium
582 4689 709 4788 aliquot
723 4688 982 4787 longitudines&
997 4690 1179 4765 latitudines
1188 4699 1291 4765 eruit:
1303 4700 1444 4793 primum
1460 4697 1544 4764 Me·-

168 4788 268 4883 litam
287 4787 321 4868 se
338 4787 478 4868 contulit
487 4843 500 4883 ,
511 4789 552 4864 de
566 4798 657 4890 cujus
673 4787 876 4887 longitudine
889 4786 1105 4872 &latitudine
1116 4797 1184 4888 jam
1195 4787 1291 4962 suilllr
1299 4793 1455 4963 {mm
1492 4788 1542 4868 Ei
