3646 5430
264 373 327 443 268
579 365 770 436 REGIAE
815 355 1268 433 sclENTIARUM

128 472 241 543 Anu.
261 467 368 560 paucis
382 479 455 529 ante
474 459 582 530 diebus
595 458 721 530 fuerant
741 451 935 540 observatae,
952 459 986 524 in
1002 448 1102 548 figura
1114 452 1284 523 delineatas
1296 446 1450 522 exhibuit.
1487 449 1601 527 niffen

129 569 219 641 1488,
260 561 416 628 tationem
440 577 573 650 quoque
591 554 630 624 de
654 548 775 623 solenni
798 545 1018 622 Paschatisdie
1037 572 1074 618 ex
1087 544 1205 644 scripto
1227 545 1304 642 legit
1323 578 1333 635 ς
1353 549 1401 619 uti
1424 554 1458 619 δι
1477 545 1601 623 alteram

260 657 293 722 in
308 676 373 745 qna
394 645 559 746 respondet
579 646 706 722 Clariis.
724 642 827 724 voffii
849 643 995 736 Epistola
1018 642 1059 710 de
1079 640 1317 740 longitudinum
1343 636 1485 715 scientia.
1529 647 1600 740 Qa

261 746 393 839 quidem
418 742 556 841 Epistola
580 738 786 812 Bibliotheca
807 739 1004 810 eruditorum
1028 740 1061 806 in
1086 741 1215 807 Batavia
1243 735 1332 806 edirae
1348 733 1471 829 =inserta
1498 734 1600 814 fuerat.

261 846 369 932 Hujus
387 843 431 908 rei
446 835 611 909 occafione
634 842 680 909 D.
694 837 867 909 Thevenot
879 833 1151 902 advertitnavium
1167 834 1325 902 nectores
1338 837 1397 924 qui
1410 835 1432 902 a
1449 835 1597 916 Dromon,

259 941 347 1006 torio
357 939 447 1024 lione
461 935 535 1028 Spei
555 935 594 1004 ad
608 931 711 1002 indias
730 924 827 1026 usque
843 930 1014 1023 navigant,
1040 954 1109 1016 900
1137 929 1256 998 Leucas
1276 923 1318 996 ab
1335 921 1466 997 Occasu
1483 930 1517 998 in
1538 929 1597 1001 Or·

260 1054 330 1102 tum
348 1025 530 1112 conficere,
554 1030 650 1123 idque
673 1026 880 1095 aestimatione
898 1020 1036 1117 quadam
1050 1021 1214 1112 judicant,
1233 1029 1319 1093 &ex
1337 1019 1480 1093 Verlorii
1495 1026 1596 1096 variata

259 1125 484 1196 declinatione.
525 1127 616 1196 Nam
639 1123 674 1190 in
695 1120 802 1191 medio
821 1122 933 1188 itinere
956 1120 1167 1187 variationem
1184 1114 1245 1187 else
1268 1123 1306 1184 28
1323 1115 1482 1212 graduum
1503 1172 1516 1204 ,
1539 1138 1597 1188 uam

168 1235 172 1243 '
261 1216 373 1292 sensim
394 1219 544 1289 imminui
580 1220 694 1304 aiunt,
717 1217 798 1288 adeo
814 1235 850 1285 ut
870 1236 937 1309 quo
953 1214 988 1282 in
1000 1209 1076 1282 loco
1092 1209 1275 1300 versentur,
1296 1211 1372 1282 binc
1393 1213 1597 1308 conjecturat

263 1318 402 1412 capiant.

314 1411 394 1480 111.
429 1409 478 1479 D.
501 1405 611 1479 Coliet
627 1404 784 1478 machina
802 1399 962 1497 cujusdam
983 1423 1100 1501 typum
1114 1401 1342 1500 protulit,qua
1361 1399 1595 1478 marmorseetri

265 1504 361 1592 facile
377 1503 480 1603 potest
495 1501 666 1599 multiplici
688 1498 794 1589 serra,
822 1525 888 1575 uno
914 1507 948 1572 δι
973 1501 1088 1571 eodem
1106 1519 1283 1594 tempore,
1308 1501 1339 1569 id
1366 1523 1406 1569 ue
1438 1497 1598 1573 malenina

265 1627 331 1765 ppe
353 1609 443 1698 cujus
464 1597 568 1670 molas
587 1621 643 1671 aut
663 1618 795 1687 ventus,
818 1619 874 1668 aut
899 1619 983 1693 aqua
1004 1590 1127 1681 versat,
1151 1617 1222 1665 eant
1240 1589 1308 1669 usui
1318 1525 1379 1673 elie
1401 1591 1486 1693 posse
1506 1588 1599 1670 visunt

283 1719 390 1864 miv.
425 1793 472 1864 D.
487 1789 629 1888 Couplet
641 1793 748 1891 pontis
759 1791 816 1885 qui
835 1785 937 1861 lluvio
951 1793 997 1860 im
1022 1792 1077 1859 oni
1091 1786 1218 1887 potest,
1233 1786 1426 1859 strumam
1438 1783 1600 1886 praptstu't.'

264 1893 388 1985 quique
408 1886 447 1956 ad
462 1912 503 1958 20
517 1883 615 1981 usque
628 1885 801 1985 hexapedas
817 1881 911 1955 facile
926 1814 1118 1958 conllruitur
1130 1890 1165 1955 δι
1182 1880 1361 1955 dissolvitur
1376 1913 1385 1955 a
1403 1907 1453 1968 4⁰
1467 1879 1596 1952 hauriret

264 1978 564 2078 nonjundlim,sed
580 1985 701 2078 partitis
716 1976 890 2064 oneribus,
909 1980 996 2076 quod
1021 2004 1141 2074 magno
1167 1975 1246 2076 saepe
1267 1979 1312 2049 est
1339 1978 1411 2050 usui
1435 1999 1535 2066 ,turn
1553 1973 1598 2048 as·

264 2100 392 2177 portare
405 2075 542 2172 poliunt.
564 2075 655 2147 Idem
672 2071 826 2145 scalarum
846 2096 960 2145 munus
976 2072 1066 2145 obire
1102 2075 1209 2158 otest,
1234 2069 1360 2145 liforte
1378 2079 1414 2144 in
1439 2096 1544 2165 ιιιιιιος
1561 2077 1599 2144 ir·

265 2177 374 2270 ruptio
386 2167 423 2242 srt
436 2169 593 2244 facienda.
638 2167 726 2240 Illius
744 2166 864 2239 fabrica
886 2191 927 2239 eo
943 2173 1055 2239 nititur
1073 2099 1284 2239 sundamento
1309 2168 1443 2264 ,tquod
1463 2165 1537 2243 fera
1551 2189 1598 2239 art

262 2266 343 2363 ligni
359 2263 532 2337 secundum
542 2261 629 2337 suam
642 2263 840 2338 altitudinem
860 2261 1013 2334 collocati
1025 2269 1072 2334 vis
1092 2261 1129 2333 stt
1150 2261 1273 2335 infinita
1295 2297 1306 2353 3
1349 2287 1463 2335 ontem
1479 2256 1598 2360 illumi

265 2359 389 2432 duobus
410 2355 595 2431 hominibus
614 2359 706 2433 brevi
719 2381 786 2434 tent
809 2363 872 2431 oris
892 2355 995 2456 spatio
1014 2358 1161 2431 aedificari
1178 2355 1265 2455 polle
1278 2363 1309 2434 ai
1368 2382 1409 2448 t,
1427 2370 1488 2435 net
1507 2357 1594 2436 fulcro

230 2523 231 2527 ,
265 2479 347 2555 opus
359 2453 419 2527 elle
427 2479 496 2551 quo
505 2458 538 2525 in
547 2453 668 2544 fluvio,
679 2474 734 2525 aut
749 2384 865 2550 palude
880 2456 1045 2529 innitatur.

312 2558 356 2626 V.
379 2552 582 2621 Induciarum
596 2572 742 2649 tempore
756 2554 802 2624 D.
818 2544 962 2619 Cassrnna
981 2551 1039 2619 iter
1052 2547 1162 2623 habuit
1179 2552 1211 2619 in
1233 2573 1337 2648 partes
1354 2549 1469 2622 Gallia
1494 2555 1595 2627 burn&
1628 2637 1630 2641 ,

265 2646 329 2731 les,
341 2646 396 2717 ubi
408 2643 533 2738 aliquot
547 2642 675 2717 urbium
691 2640 861 2740 positiones
870 2641 910 2712 ab
921 2666 962 2712 eo
975 2636 1045 2715 sunt
1061 2640 1244 2719 observata.
1269 2643 1424 2716 Ambiani
1445 2647 1596 2745 praestrtim

264 2741 465 2813 altitudinem
479 2740 550 2810 Poli
562 2745 684 2813 invenit
696 2741 778 2807 intra
792 2737 917 2832 aliquot
931 2736 1064 2809 secunda
1076 2742 1210 2812 eandem
1220 2735 1346 2836 prorsus
1359 2763 1437 2812 cum
1448 2740 1499 2813 lu
1510 2743 1596 2838 qual

266 2840 313 2909 D.
327 2834 437 2906 Picard
449 2832 516 2903 illic
527 2855 602 2905 ante
613 2834 739 2930 aliquot
751 2857 852 2902 annos
862 2837 991 2903 inventa
1003 2831 1125 2921 fuerat,
1146 2859 1220 2904 curn
1228 2840 1324 2906 unius
1346 2836 1380 2903 in
1403 2858 1482 2909 terta
1494 2839 1595 2935 gradus

264 2926 493 3003 dimensionem
506 2951 659 3027 captaret.
683 2934 722 2998 ln
735 2924 872 3005 abbatia
887 2926 1050 3023 Blangiaci
1060 2933 1094 2998 in
1106 2926 1227 3006 Artefia
1237 2954 1337 3028 prope
1351 2928 1523 3003 Hesdioum
1532 2929 1596 3006 Pali

265 3023 468 3098 altitudinem
482 3024 645 3096 adinvenit
660 3050 710 3122 gr.
726 3050 778 3119 50.
792 3036 833 3094 26
846 3026 925 3095 min.
941 3047 952 3089 r
957 3053 972 3117 5
985 3021 1050 3099 sec..
1070 3021 1247 3094 Abbavillae
1261 3049 1310 3120 gr.
1334 3053 1390 3122 50.
1420 3039 1454 3101 6.
1478 3029 1552 3111 ¹rnin.
1569 3052 1596 3122 55

266 3116 328 3192 sec.
355 3123 477 3216 Deppae
491 3143 553 3188 una
567 3144 643 3189 curn
663 3125 708 3197 D.
725 3114 884 3214 Dionysio
904 3116 1160 3215 Hydrographiae
1180 3117 1358 3195 Prosellart
1370 3144 1445 3192 earn
1457 3125 1599 3230 eoropnit

134 3285 147 3300 ,
264 3242 315 3314 gr.
330 3242 387 3308 49.
399 3243 431 3309 55
446 3219 522 3284 min·
550 3215 751 3310 Rothomagi
763 3241 810 3305 49
822 3237 871 3307 gr.
882 3241 927 3304 24
937 3216 1017 3284 min.
1031 3242 1079 3307 40
1089 3210 1150 3288 sec.

320 3319 352 3384 V
368 3313 394 3383 1.
434 3311 521 3379 Cum
559 3305 737 3378 Abbavillae
773 3306 951 3377 altitudines
981 3308 1065 3380 Solis
1097 3311 1233 3388 Olianti
1272 3313 1392 3410 pedum
1425 3316 1524 3387 trium
1554 3307 1599 3383 b·

267 3429 388 3493 meret,
417 3407 469 3475 die
488 3407 590 3501 prima
612 3399 769 3476 Oblobrit
788 3397 966 3473 observavit
989 3402 1129 3474 maculas
1152 3431 1252 3504 prope
1272 3417 1338 3500 ejus
1366 3405 1601 3484 occidentalem

174 3580 177 3591 ,
265 3507 445 3599 marginem
459 3523 565 3570 recens
581 3497 722 3569 obortas
741 3551 755 3584 .,
785 3521 837 3567 eas
862 3504 907 3570 D.
927 3498 1090 3569 Mataldus
1109 3497 1311 3597 conspexerat
1332 3501 1456 3575 Parisiis
1476 3509 1513 3573 in
1535 3500 1602 3575 Ob·

264 3596 441 3671 stratorio
463 3597 513 3665 die
533 3593 720 3691 praecedenti
748 3619 791 3683 30
814 3590 995 3691 Septembri
1016 3591 1142 3691 vespere
1165 3650 1176 3681 ‚
1199 3621 1274 3667 curn
1297 3596 1376 3667 hora
1399 3599 1526 3668 decima
1542 3616 1605 3673 ιιιι.Ι

267 3696 389 3772 tutina,
406 3700 439 3764 &
456 3698 490 3762 in
504 3686 573 3788 ipso
583 3689 713 3759 meridie
728 3686 853 3759 nullaea
877 3681 1065 3783 paruiss'ent:
1087 3693 1131 3758 ita
1142 3713 1176 3760 ut
1192 3692 1324 3761 minimi
1336 3690 1467 3762 dubium
1482 3690 1521 3766 fit
1555 3702 1605 3769 uin

264 3789 348 3856 inter
369 3787 534 3860 meridiem
558 3794 592 3858 δι
615 3780 729 3883 horam
753 3714 920 3852 secuntiam
947 3779 967 3851 a
989 3784 1118 3854 meridie
1139 3809 1239 3884 prope
1258 3786 1350 3856 Solis·
1364 3790 1451 3859 Occi

268 3883 467 3974 marginem,
482 3879 521 3948 ad
537 3903 634 3976 quem
651 3875 887 3976 properabant,
902 3874 1190 3956 formataefnerint.
1232 3879 1388 3954 octobris
1411 3883 1465 3955 die
1490 3906 1529 3956 ιο
1552 3909 1604 3958 nte

268 3980 318 4047 D.
335 3972 498 4044 Maraldus
515 3969 657 4058 Parisiis,
672 3995 732 4044 nee
750 3976 794 4057 D.
812 3969 958 4044 caffinm
978 3971 1029 4043 De
1117 3974 1219 4045 ullum
1231 3999 1339 4047 earum
1353 3980 1507 4051 invenere
1517 3981 1605 4055 vesti!

229 4120 231 4129 ·
263 4075 377 4166 ginon,
392 4071 528 4164 ideoque
547 4071 662 4164 jamin
678 4064 711 4138 su
755 4071 817 4138 ritu
830 4065 913 4143 Solis
935 3998 1182 4164 hemispillirium
1201 4069 1317 4141 delatas
1337 4070 1399 4145 effe
1419 4073 1528 4169 palam
1540 4074 1605 4155 stit.

118 4232 120 4236 ,
265 4166 340 4240 Post
359 4165 425 4235 dies
446 4187 553 4237 autem
576 4190 611 4250 ιγ
638 4168 684 4238 D.
752 4158 847 4237 sfinus
871 4185 909 4232 ex
928 4165 1039 4234 itinere
1062 4164 1156 4233 redux
1175 4191 1245 4236 eam
1265 4163 1349 4237 Solis
1369 4173 1524 4266 marginis
1538 4196 1604 4270 per.

263 4285 331 4337 rem
349 4283 387 4330 et
408 4284 474 4354 qua
488 4281 650 4354 emergere
666 4255 862 4344 debuislent,
877 4250 1040 4329 sifuissent
1056 4253 1251 4355 superstites,
1272 4262 1464 4356 perlustrans
1478 4262 1605 4345 Ῑιιιιιιιι

263 4360 380 4452 reperit
402 4380 410 4438 ,ι
437 4355 520 4424 unde
531 4379 583 4425 eas
598 4348 756 4429 evanoiffe
776 4347 906 4439 censuit.
929 4356 1039 4425 Primo
1060 4377 1167 4429 autem
1185 4355 1386 4442 Novembris
1399 4360 1452 4428 die
1463 4356 1603 4433 observa-

263 4456 311 4522 vit
327 4454 411 4520 circa
428 4448 511 4520 Solis
525 4449 665 4522 medium
678 4449 774 4523 aliam
792 4446 951 4523 maculam
970 4448 1085 4520 exilem
1106 4475 1144 4519 ex
1168 4449 1286 4527 duabus
1308 4451 1484 4524 conflatam
1505 4510 1517 4543 ,
1539 4481 1604 4554 qun

264 4550 348 4621 intra
367 4566 429 4616 tres
447 4545 512 4615 dies
523 4548 668 4631 evanuit,
689 4544 802 4613 deinde
817 4542 894 4615 alias
907 4543 981 4614 duas
997 4546 1076 4615 vidit
1098 4570 1198 4644 prope
1216 4547 1299 4616 Solis
1317 4551 1477 4621 Ortivum
1498 4556 1603 4650 rtnrgi-¹

264 4663 339 4711 nem
354 4664 451 4738 „quae
473 4640 571 4710 indies
595 4659 795 4734 prenotatam
814 4641 896 4709 inter
915 4635 945 4708 se
962 4639 1140 4711 distantiam
1166 4666 1282 4739 magna
1309 4642 1540 4742 irregularitate
1552 4670 1601 4739 vae

182 4788 185 4795 .
264 4732 398 4820 piabant,
423 4736 520 4820 Unde
537 4732 740 4844 perspicuum
756 4732 944 4840 luitbarutn
957 4757 1086 4816 matuta
1099 4743 1307 4841 appetentem
1326 4762 1395 4825 nvn
1418 4735 1512 4848 stiffi
1531 4739 1597 4837 lui
