3646 5430
277 346 333 401 rro
588 315 786 390 REGIAE
839 297 1293 386 &CIENTIARUM

147 416 212 494 Ate
225 447 261 495 tt.
277 413 462 490 differentia
480 409 705 499 resradlionie,
728 432 799 508 qua
814 410 983 508 perexigua
995 401 1039 473 est
1056 426 1158 503 prope
1172 405 1348 488 verticem,
1377 424 1495 503 magna
1519 427 1624 505 prope

150 531 248 606 1672.
274 503 781 608 horizontem,tribuendumest.

147 619 248 710 &73.
329 605 503 680 Permultas
514 598 625 674 autem
645 596 830 673 observavit
840 593 975 667 fixarum
986 594 1166 668 altitudines
1176 593 1375 672 meridianas.
1390 616 1462 689 quae
1483 620 1622 693 eompa-

275 725 351 775 ratae
371 725 447 772 cum
462 698 532 774 Poli
543 695 709 771 altitudine
722 718 832 766 earum
847 688 997 763 exhibent
1012 687 1248 761 declinationea
1296 692 1387 785 Qin
1411 694 1511 762 eriam
1534 714 1621 764 tem.

186 792 193 804 ⁵
297 823 332 869 us
344 795 491 868 transitus
505 789 643 904 ipsarum
658 814 713 890 per
741 789 961 860 Meridianum
978 782 1106 881 singulis
1130 783 1240 855 diebus
1262 787 1429 881 annotavit
1454 809 1525 871 ,ut
1544 785 1622 861 loco

271 826 357 962 bolis
377 889 501 991 possent
521 908 604 959 tnter
630 885 661 957 se
684 884 866 983 comparati
876 936 890 969 ,
912 879 1077 981 &exinde
1097 879 1237 978 ipsarum
1253 876 1555 954 ascenfionesreuae
1567 885 1620 955 de·

271 987 406 1153 ducSlblis
424 1077 566 1180 cclipfim
583 1079 737 1174 Cayennq
759 1068 939 1146 observavit
952 1075 998 1144 D.
1011 1067 1134 1144 Richer
1146 1070 1197 1140 die
1210 1094 1264 1141 22.
1278 1069 1413 1179 hugusti
1424 1097 1513 1147 anno
1527 1088 1615 1166 1672.

271 1184 340 1272 ejus
355 1181 483 1248 initium
496 1173 558 1246 suit
579 1173 613 1249 h.
636 1203 665 1245 2.
682 1200 727 1263 32.
754 1197 796 1240 m·
822 1179 859 1270 ξ.
875 1162 947 1235 finis
960 1163 994 1238 h·
1008 1197 1044 1261 4.
1055 1191 1104 1254 37.
1117 1167 1196 1239 md
1211 1163 1353 1238 mendie-

317 1272 435 1343 Eadem
453 1270 512 1340 ccli
539 1267 575 1341 srs
593 1274 615 1341 a
635 1274 681 1340 D.
703 1263 823 1339 Caffini
851 1257 972 1335 Parisiis
997 1262 1060 1334 fuit
1086 1256 1262 1331 observata.
1289 1264 1421 1332 Initium
1448 1264 1513 1336 suit
1533 1267 1568 1344 h.
1589 1302 1615 1368 5.

274 1372 322 1455 38·
337 1370 416 1440 min.
437 1394 485 1458 37.
506 1297 565 1436 selc-
608 1369 704 1436 Hora
716 1385 798 1434 veto
808 1357 894 1429 sexta
909 1360 940 1427 8.
956 1384 1002 1431 m.
1015 1386 1069 1448 34.
1083 1352 1142 1426 sec·
1158 1354 1242 1428 Solis
1257 1378 1378 1426 cornua
1392 1355 1458 1432 viso
1474 1356 1549 1436 sont
1561 1364 1620 1438 ho.

271 1459 441 1532 rizontalia
462 1493 472 1549 3
492 1458 679 1558 magnitudo
703 1454 825 1552 eclipsis
843 1450 905 1522 fuit
927 1456 959 1524 8.
983 1454 1110 1551 digitur.
1143 1453 1237 1522 faeta
1281 1453 1454 1541 rojedlione
1473 1459 1621 1552 paralleli

272 1551 448 1628 Parisrensts
465 1560 497 1625 in
517 1557 634 1624 Lunari
645 1547 723 1621 orbe
733 1558 821 1645 juxta
836 1544 1025 1618 methodum
1042 1547 1220 1618 noedemiae
1239 1476 1320 1616 olim
1330 1543 1371 1617 ab
1382 1573 1422 1620 eo
1443 1553 1620 1650 expofitam

270 1653 395 1721 invenit
408 1673 517 1720 veram
535 1653 631 1720 Lunae
643 1644 843 1717 latitudinem
857 1645 985 1713 minuto
1002 1668 1070 1715 uno
1091 1666 1166 1714 cum
1189 1637 1308 1713 semiffe
1324 1645 1484 1718 minorem
1513 1649 1619 1745 quam

270 1742 385 1815 tabulae
400 1743 617 1841 Rudolphinae
631 1766 703 1814 eam
720 1738 903 1811 exhibeant.

308 1838 421 1912 Postea
446 1845 561 1910 certior
579 1837 681 1909 fastus
696 1859 750 1935 pet
762 1834 879 1906 litteras
890 1835 1023 1906 eandem
1036 1828 1178 1930 eclipfim
1199 1833 1361 1929 Cayennae
1382 1836 1403 1906 fa
1429 1841 1476 1910 D.
1498 1841 1617 1920 Ricbet

144 2010 150 2021 ,
269 1932 361 2007 soille
374 1930 599 2019 observatam,
616 1930 746 2028 ejusque
763 1933 913 2016 initium,
934 1937 968 2002 &
989 1926 1087 1999 finem
1102 1929 1257 2022 predictis
1276 1928 1440 2027 contigisse
1454 1945 1616 2034 'tempori-

269 2029 352 2115 bur,
367 2029 560 2125 projedlioni
576 2026 741 2097 delineatae
761 2024 881 2093 addidit
895 2022 1082 2122 parallelum
1103 2013 1345 2120 Cayennensem
1360 2032 1421 2113 ,in
1436 2052 1505 2123 quo
1524 2030 1616 2123 borae

318 2124 388 2195 ibus
402 2125 470 2192 duae
490 2119 598 2217 phasea
618 2123 640 2192 d
662 2125 707 2194 D.
728 2117 850 2190 Ricbet
865 2115 937 2189 sunt
955 2112 1148 2202 observata,
1170 2118 1304 2188 eandem
1330 2119 1468 2195 insistens
1491 2128 1617 2200 metho-

269 2150 347 2290 dllm
360 2221 484 2287 invenit
503 2220 536 2285 in
556 2219 677 2288 Lunari
691 2213 795 2285 orbitd
811 2214 929 2310 punela
943 2214 1011 2284 duo
1031 2217 1065 2283 in
1085 2209 1201 2310 quibus
1224 2215 1321 2284 Lunae
1346 2239 1492 2291 centrum
1512 2221 1617 2295 νεώ.

268 2315 381 2399 batur,
397 2334 471 2380 cum
485 2311 553 2380 duae
567 2305 674 2408 pheses
690 2306 754 2400 vise
768 2303 861 2394 sunt,
885 2303 1083 2406 sumptisque
1096 2306 1294 2404 temporibus
1307 2314 1438 2383 Lutetiae
1482 2341 1616 2390 mnota.

270 2413 329 2493 tis,
345 2415 378 2479 δι
390 2429 464 2476 cum
484 2402 745 2502 Cayennenstbus
759 2407 978 2500 comparatis,
996 2403 1176 2474 differentia
1190 2406 1270 2472 inter
1283 2403 1378 2476 horas
1391 2341 1564 2505 utrobique
1582 2420 1616 2485 in

266 2507 306 2670 piis
325 2502 645 2669 punstisdqumeratps
658 2505 787 2662 ilnventa
799 2499 884 2665 qipa,
898 2497 1011 2663 ltddpz.
1027 2521 1070 2566 m·
1091 2507 1194 2590 major
1213 2496 1338 2592 aliquot
1362 2507 1492 2579 minutis
1510 2510 1613 2581 Meri·

289 2622 437 2672 tenorum
527 2616 606 2667 rentt
640 2618 710 2664 am
752 2617 821 2662 uaer
873 2621 906 2662 m
952 2618 987 2666 rt.

311 2697 410 2765 Nova
434 2685 610 2760 autemilla
629 2618 786 2756 methelbo
798 2693 845 2758 uti
857 2687 937 2759 solet
951 2693 995 2760 D.
1007 2688 1174 2777 Cassrnus,
1187 2713 1262 2760 cum
1282 2690 1407 2764 Solares
1419 2693 1548 2793 eclipses
1559 2722 1615 2770 ex.

264 2790 376 2889 ptimit
398 2808 455 2878 per
478 2783 714 2878 projedlionem
735 2784 879 2876 opticam
894 2781 1122 2880 parallelorum
1143 2792 1177 2858 de
1195 2784 1447 2859 Meridianotum
1469 2811 1558 2864 eerrae
1580 2800 1614 2868 in

264 2903 356 2979 parte
372 2875 459 2947 orbis
478 2879 612 2947 Lunaris
630 2871 741 2946 Solem
758 2879 841 2948 inter
867 2885 903 2950 de
924 2879 1051 2950 Lunam
1073 2876 1268 2976 interposita.
1307 2884 1404 2955 Hanc
1425 2884 1614 2959 methodum

264 2999 352 3048 anno
371 2985 469 3059 1670.
490 2970 671 3042 Academia
684 2995 745 3069 pro
769 2965 905 3047 osuerat.
930 2974 1111 3072 Complura
1129 2971 1270 3046 exhibuit
1285 2973 1614 3078 schemataeelipstum

265 3068 350 3141 Solis
365 3093 435 3166 quae
456 3067 498 3138 ab
512 3062 581 3164 ipso
596 3060 667 3136 sunt
695 2995 892 3156 obslrvatae,
911 3078 944 3141 de
965 3094 1002 3141 ea
1021 3067 1177 3139 methodo
1194 3067 1347 3161 delineare
1362 3076 1403 3144 ad
1422 3078 1527 3145 varios
1546 3073 1616 3152 usus

264 3165 512 3327 Astronoqticot
522 3193 536 3248 ,·
549 3185 589 3233 ac
611 3156 785 3257 prasertim
804 3165 845 3234 ad
865 3163 1066 3263 parallaxcs,
1087 3171 1122 3236 de
1150 3163 1405 3246 Meridianotum
1423 3163 1615 3246 diffirentiar

263 3283 412 3334 ruvenren
433 3281 480 3330 as.

317 3353 454 3426 Constat
477 3351 558 3423 illud
584 3353 715 3451 quidem
729 3359 762 3426 in
777 3352 836 3423 hac
852 3349 937 3426 orbis
950 3359 1083 3428 Lunaris
1098 3378 1186 3455 parte
1223 3381 1268 3427 ua
1290 3361 1372 3429 inter
1382 3356 1614 3437 Solem&1„u.

261 3476 339 3524 mm
362 3453 602 3546 interponitur,
622 3448 750 3521 diverhs
770 3449 833 3518 diei
850 3445 937 3522 horis
952 3446 1086 3521 diversas
1106 3382 1279 3549 supersciei
1294 3474 1382 3524 terrae
1409 3478 1511 3551 partes
1529 3457 1613 3555 quasi

262 3545 440 3630 delineari,
467 3539 583 3641 easque
603 3542 648 3617 ob
670 3545 820 3616 diurnam
839 3543 1078 3618 revolutionem
1101 3542 1228 3633 diversis
1248 3545 1337 3620 horis
1352 3544 1523 3624 succeffive
1548 3555 1614 3630 Soh

260 3645 402 3738 exponi,
417 3661 517 3735 atque
537 3640 620 3711 adeo
636 3641 775 3712 eundem
791 3659 881 3710 tetra:
895 3637 1026 3728 locum,
1048 3652 1139 3736 cujus
1154 3646 1263 3739 imago
1284 3647 1318 3713 in
1341 3641 1419 3716 orbe
1440 3647 1540 3718 Lunae
1560 3671 1616 3721 ex-

260 3740 435 3832 primitur,
455 3759 511 3829 pet
526 3735 674 3806 diurnam
688 3733 923 3806 revolutionem
942 3742 975 3809 in
999 3735 1060 3806 hac
1078 3737 1274 3834 projectione
1293 3758 1416 3808 mutate
1437 3735 1557 3832 heum,
1577 3770 1616 3819 ae

261 3833 449 3900 variaterrae
463 3826 536 3898 loca
555 3829 587 3898 id
602 3826 813 3900 diversimode
826 3825 954 3902 efficere
970 3855 1029 3928 pro
1045 3831 1196 3902 distantiae
1218 3833 1239 3900 d
1260 3855 1350 3905 terrae
1373 3832 1458 3905 Polie
1477 3842 1614 3930 tatione,

261 3927 318 4018 qui
331 3920 388 3992 soli
402 3945 457 4018 per
475 3922 624 3991 diurnam
645 3922 884 3995 revolutionem
898 3919 992 3998 situm
1018 3950 1085 3997 non
1108 3947 1233 3996 mutant
1254 3933 1287 3999 in
1307 3925 1368 3998 hac
1393 3925 1517 4000 telluris
1540 3961 1615 4032 pro·

256 4019 413 4116 jedlione.
439 4015 562 4086 Radius
581 4040 680 4111 porro
700 4015 826 4089 visualis
852 4020 874 4090 al
898 4025 1014 4114 quovis
1038 4043 1128 4092 terrae
1147 4018 1322 4118 superficiei
1343 4023 1464 4120 ptutdlo
1482 4025 1525 4095 ad
1540 4055 1615 4102 cen·

260 4131 348 4185 trum
360 4111 444 4182 Solis
479 4111 652 4200 erdudlus,
670 4118 704 4184 de
723 4136 780 4210 per
799 4113 946 4187 diurnam
970 4115 1206 4188 revolutionem
1223 4114 1388 4188 translatos
1411 4114 1561 4203 describit
1581 4129 1614 4204 io

259 4203 327 4372 iplsa
343 4231 435 4280 tertae
451 4136 578 4369 specie,
597 4229 668 4303 quac
681 4211 716 4280 in
739 4205 818 4281 orbe
838 4212 929 4302 Lune
952 4216 1169 4322 exprimitur,
1190 4208 1308 4322 lineam
1328 4236 1398 4308 quae
1420 4213 1486 4284 loci
1508 4218 1615 4316 paral-

259 4302 1332 4501 {thielbilihl‘fsslii‘f‘thl32⁰..sslffilhli‘ll
1346 4304 1617 4488 litlllffflt

260 4486 418 4565 societatis
433 4495 468 4562 in
483 4491 607 4563 Sinensr
627 4518 727 4591 tegno
749 4550 761 4582 ,
793 4518 893 4589 quam
912 4522 987 4570 ante
1006 4493 1169 4569 discessum
1196 4499 1214 4568 ὲ
1243 4495 1351 4569 Gallia
1371 4503 1393 4570 d
1415 4503 1461 4573 D.
1484 4503 1619 4582 Caffino

259 4606 468 4687 acceperant,
490 4590 683 4685 Imperatori
707 4589 916 4667 tradiderunt.

311 4703 346 4765 ι.
369 4680 483 4760 Solem
495 4685 684 4782 inutroque
707 4687 957 4786 AEquinostio,
976 4687 1153 4766 autumnali
1173 4694 1328 4766 nothum
1347 4696 1424 4768 anni
1449 4705 1560 4792 1672,
1583 4709 1618 4777 de
