3646 5430
372 352 713 436 acturum
776 352 1294 436 nrsrournunrr.
1473 342 1685 509 enm

1538 564 1541 568 ⁴
1558 540 1654 610 nicar

565 687 933 782 CAPUT
993 690 1167 781 vll-²..

528 913 587 980 ne
630 876 806 983 1111111111
840 901 886 993 e
925 902 1197 990 anatomicis..

164 1106 201 1184 F.
224 1115 284 1286 P
305 1112 487 1188 R'oxirnum
507 1111 552 1184 est
571 1135 607 1186 ut
625 1109 666 1183 de
690 1136 725 1185 re
746 1108 896 1184 lierbariav
916 1132 1078 1278 peppauca
1098 1114 1242 1187 dicamus
1262 1131 1281 1182 :2
1294 1098 1419 1221 plantap
1446 1133 1550 1279 9⁰&

306 1208 412 1309 plures
432 1214 488 1282 D..
501 1214 549 1284 D.
565 1207 741 1281 Marelianr
765 1216 799 1281 &
820 1210 954 1283 Tourne
971 1225 1022 1283 brt
1045 1268 1057 1302 ,
1079 1234 1156 1284 eum
1183 1229 1295 1278 earum
1320 1198 1490 1303 descnpno
1541 1246 1543 1249 ·

172 1306 237 1384 llus
258 1330 294 1380 ut
324 1310 417 1376 annis
447 1300 660 1402 superioribus
688 1302 892 1403 protulerunt
912 1339 930 1395 3·
946 1328 1084 1400 quarum
1116 1303 1188 1377 anal
1214 1301 1271 1375 lim
1297 1307 1353 1374 1).
1367 1298 1551 1374 Bourdeliu⁴³

170 1403 321 1478 exhibuit
341 1433 353 1492 ·,
371 1426 411 1473 ac
424 1401 555 1473 tandem
574 1422 685 1474 earum
703 1396 870 1474 liistoriam
884 1422 974 1473 certo
986 1405 1098 1476 ordine
1111 1328 1264 1498 digelam·
1282 1455 1293 1487 ‚
1313 1405 1347 1474 δι
1369 1401 1550 1467 vatiaetu‘

173 1502 301 1572 ditione
315 1521 354 1568 ec
372 1501 482 1569 critica
494 1497 684 1569 illustratam
706 1500 742 1568 in
756 1518 960 1594 unoquoque
972 1498 1139 1599 congrellu
1158 1495 1238 1594 legit
1255 1505 1302 1572 D.
1315 1491 1470 1566 nodare.-
1504 1495 1550 1563 si:

174 1595 312 1696 quando
324 1594 469 1691 stirpium
488 1590 560 1663 usus
584 1593 699 1664 idonea
716 1595 889 1665 autoritate
911 1598 1054 1667 munitus
1073 1598 1247 1680 occurrit,
1261 1601 1287 1666 is
1309 1593 1443 1661 minime
1476 1586 1545 1660 fuir

177 1685 419 1791 pretermissas..
436 1693 484 1760 Eo
498 1692 619 1789 quippe
638 1680 781 1787 sprer'are
791 1709 910 1761 uaturae
926 1687 1025 1762 deber
1040 1687 1206 1789 inquisitio
1220 1741 1239 1776 ,-
1252 1716 1289 1767 ut
1306 1690 1346 1758 ad
1365 1681 1550 1757 hominum·

169 1787 354 1861 utilitatem
370 1782 535 1858 referatur.

227 1880 386 1980 Exemplo
404 1876 442 1951 srr
464 1883 578 1978 opium
603 1875 705 1979 ipsum
730 1881 758 1952 ὸ·
777 1903 935 1976 papavere
959 1879 1135 1982 expressum
1160 1940 1171 1972 ,
1198 1879 1239 1950 de
1271 1887 1360 1975 cujus
1389 1872 1446 1947 usu
1469 1899 1550 1951 tam-²

171 1981 274 2052 varix
288 1984 322 2051 δι
342 1974 534 2076 multiplices
544 1973 674 2047 fuerunt
694 1976 903 2049 Medicorum
922 1973 1106 2065 sententia,
1125 2003 1193 2052 non
1217 1971 1323 2048 solum
1345 1971 1389 2046 ob
1412 1977 1512 2044 roratis
1524 2027 1548 2062 ,.

170 2073 288 2163 ierus,
313 2076 560 2172 temperamenti
578 2078 763 2145 varietatem
776 2127 787 2159 ,
801 2064 962 2148 sedetiam
985 2098 1118 2173 propter
1139 2072 1331 2147 morborum
1352 2070 1550 2143 musasram·

172 2168 372 2271 multiplicer
392 2225 404 2255 ,
425 2190 461 2238 ut
488 2171 541 2237 vir
561 2191 685 2242 certum
711 2170 850 2267 quid&
874 2169 1081 2270 exploratum
1110 2172 1259 2244 constitui
1286 2171 1455 2267 potuerit,
1486 2160 1550 2239 sed

172 2271 306 2339 incertis
333 2265 527 2360 conjedl'uris
549 2260 673 2336 subnixi
702 2265 754 2337 vel
782 2260 1023 2363 praestanriffini
1044 2266 1169 2340 M'edici
1191 2277 1258 2340 e‘us
1277 2263 1332 2336 usu
1351 2286 1385 2336 ut
1411 2269 1540 2361 peticu-
1676 2307 1678 2310 v

174 2357 250 2436 losu
263 2360 493 2434 interdixerint·
525 2360 615 2459 Qid
629 2385 708 2433 vero
720 2362 759 2433 de
771 2361 864 2454 hujus
880 2355 964 2431 succi
982 2384 1098 2434 natura
1118 2372 1152 2436 &
1175 2295 1232 2433 usu
1251 2357 1449 2433 sentiendum
1464 2357 1550 2431 effer·

170 2463 233 2535 D..
244 2456 368 2533 charas
387 2479 456 2526 non
471 2479 513 2525 errw
528 2457 666 2528 aliorum
687 2459 905 2545 testimoniis,
936 2452 988 2526 sed
1011 2478 1051 2526 ex
1070 2452 1172 2554 seipso
1195 2466 1228 2531 de
1255 2460 1392 2554 propriis
1419 2460 1547 2548 experi-¹

167 2558 294 2629 mentis
314 2554 442 2625 edoceri
463 2551 570 2623 voluit
584 2576 689 2623 :cum
707 2550 781 2625 ellit
794 2549 875 2624 bene
893 2551 1068 2623 constituto
1088 2560 1122 2624 δι
1137 2550 1215 2624 sano
1236 2574 1375 2647 corpore
1388 2543 1545 2643 usquead*

159 2659 248 2817 philp
259 2674 295 2723 rr
307 2673 404 2748 grana
413 2649 480 2747 opii
490 2644 614 2720 sumere
625 2643 716 2722 ausus
730 2650 786 2723 cll.
823 2653 902 2746 Qu
919 2648 958 2719 de
972 2672 1007 2720 re
1022 2652 1056 2719 in
1069 2643 1122 2720 sua
1137 2647 1382 2746 Pharmacopaea
1395 2643 1552 2742 pluribus*

239 2766 342 2818 eruit.»

234 2846 287 2913 11.
325 2841 374 2910 A'c
396 2841 583 2938 nuperrimd
601 2865 677 2914 cum
701 2843 853 2914 diuturno
871 2836 989 2913 morbo
1007 2846 1118 2940 paucis
1137 2860 1211 2912 aute
1229 2837 1356 2913 obitum
1378 2841 1469 2920 annis
1490 2835 1542 2908 la-

154 2938 306 3013 donaret
324 2991 336 3024 ,
359 2958 500 3031 cumque
523 2936 695 3009 debilitatis
712 2938 832 3010 viribus
846 2994 857 3026 ,
870 2944 904 3008 dr
926 2937 1080 3009 exhaustis
1103 2934 1263 3034 spiritibus
1279 2935 1419 3005 multum
1446 2931 1550 3004 suda·¹

167 3056 247 3117 ret,
269 3058 311 3105 ac
334 3033 458 3131 pruritu
482 3035 672 3128 importuno
690 3057 856 3106 vexaretur
872 3089 884 3121 ,
901 3030 989 3104 nulla
1006 3039 1151 3132 corporis
1173 3054 1263 3128 parte
1290 3027 1406 3102 affedla
1430 3088 1442 3119 ,
1466 3054 1547 3126 gra-·

171 3153 256 3204 num
269 3153 371 3201 uuum
392 3129 460 3224 opii
479 3122 601 3199 sumere
621 3126 748 3228 singulis
762 3128 871 3202 diebus
885 3130 1015 3218 statuit,
1035 3154 1114 3224 quo·
1126 3128 1258 3226 quidem
1284 3133 1366 3200 viret
1383 3125 1452 3200 suas
1474 3122 1543 3195 lus-

172 3221 420 3309 tentatisenfit,
445 3247 521 3292 cum
542 3249 658 3323 magna
671 3232 771 3297 animi
790 3224 1020 3324 tranquillitate
1041 3230 1124 3298 citra
1145 3225 1249 3296 ullum
1271 3219 1426 3297 affectum
1441 3221 1547 3319 sopo--

166 3320 334 3397 referum„
359 3323 469 3415 Atque
487 3341 521 3390 ut
540 3326 684 3391 continui
701 3318 827 3394 sudores
840 3320 991 3393 somnum
1003 3321 1345 3418 forre-prohibuerint,
1368 3326 1552 3418 postquam¹
1627 3391 1629 3398 ,

174 3416 374 3504 convaluit,
401 3415 514 3486 eadem
538 3421 603 3512 opii
623 3413 689 3486 dosr
716 3421 763 3486 uti
790 3443 858 3487 non
885 3413 974 3491 desiit
1001 3417 1093 3488 nullo
1118 3418 1251 3487 induero
1284 3417 1420 3513 sopore..
1457 3413 1553 3488 illude

173 3537 258 3588 vtro
288 3515 448 3610 imprimis
485 3513 711 3583 animadvertit
756 3536 962 3607 quacumque
1006 3514 1086 3583 liora
1124 3514 1236 3605 opium
1266 3509 1441 3596 sumeret,
1471 3512 1543 3582 eos.

169 3611 252 3693 dem
279 3603 401 3706 semper
431 3599 492 3677 elle
514 3615 581 3698 ejus
607 3602 741 3678 effecius
768 3639 789 3696 ;1
809 3612 879 3678 imo
902 3609 1048 3679 adstricta
1068 3604 1156 3676 alvus
1190 3603 1378 3693 nonfuit,
1406 3629 1466 3676 nec
1486 3614 1550 3683 ἀς..
1635 3601 1643 3616 '

166 3707 280 3803 jedlus
301 3708 367 3776 vini
384 3725 439 3775 aut
461 3702 525 3775 cibi
541 3707 724 3802 appetitus,
742 3708 847 3775 omnis
860 3699 957 3775 febris
973 3726 1093 3802 expers.
1134 3704 1186 3772 lix·
1203 3706 1366 3798 prurigine
1389 3725 1461 3799 quae
1488 3707 1541 3779 sue
1581 3737 1586 3745 ·

167 3802 271 3873 dores
287 3798 484 3898 excipiebat,
515 3800 714 3892 conjecimus
737 3798 889 3871 humores
909 3825 997 3872 acret
1019 3808 1053 3873 δι
1078 3794 1255 3869 corrofiror
1277 3801 1309 3868 id
1339 3797 1447 3872 morbi
1486 3830 1543 3875 ro-

177 3894 322 3984 ermlst,
340 3920 423 3992 quos
439 3917 553 3967 natura
572 3920 628 3996 per
649 3894 776 3967 sudores
803 3895 1024 3987 excernebat,
1044 3895 1132 3967 hunc
1155 3917 1275 3968 naturae
1304 3921 1432 3971 urorum
1451 3829 1555 3999 slqun

174 4016 332 4094 oportere
344 3994 508 4085 judicavit.

167 4142 177 4152 .
233 4093 315 4163 111.
356 4093 419 4160 Vix
434 4111 542 4162 tamen
555 4093 611 4161 uni
625 4092 692 4186 opii
705 4114 808 4188 grano
822 4111 944 4162 tantam
960 4085 1056 4161 inell'e
1071 4095 1141 4161 vim
1163 4087 1342 4180 censebat,
1365 4117 1401 4167 ut
1427 4100 1555 4168 noxior*

172 4184 331 4259 humores
344 4183 431 4257 sorae
443 4187 622 4260 extruderet
634 4183 784 4258 :tametsi
796 4186 1052 4285 diaphoreticum
1065 4185 1126 4258 elle
1146 4187 1210 4257 hoc
1232 4194 1297 4286 opii
1320 4187 1364 4260 sul
1389 4199 1448 4260 hur
1468 4215 1540 4261 cre-

172 4281 267 4354 derer
282 4310 291 4354 2
305 4279 357 4353 sed
366 4281 539 4379 postquam
553 4305 742 4381 recuperata
753 4279 908 4371 sanitate,
922 4293 956 4356 dr
970 4308 1037 4354 non
1052 4289 1233 4382 interrupto
1247 4292 1314 4383 opii
1334 4218 1389 4357 rull
1411 4282 1553 4357 sudorea

165 4377 293 4461 ,mellare
305 4378 444 4449 advertit
457 4436 468 4469 ,
481 4375 522 4448 ab
536 4404 576 4450 eo
591 4378 719 4454 sudores
732 4406 799 4453 non
813 4385 944 4453 excitari
957 4376 1137 4477 persuasum
1148 4378 1282 4453 habuit·
1305 4388 1395 4474 inea
1407 4383 1553 4476 quidem>

166 4500 248 4550 nora
262 4497 329 4546 erar
344 4470 497 4546 sententia
511 4474 640 4546 eosdem
653 4504 675 4549 o
698 4482 720 4548 ii
733 4473 867 4550 effeetus
885 4484 918 4549 in
931 4477 999 4549 aliis
1012 4473 1192 4573 quibusque
1203 4474 1388 4548 hominibus
1402 4477 1542 4572 produc-

175 4596 253 4646 tum
266 4575 324 4656 iri,
344 4566 395 4642 sed
409 4573 486 4665 quid
504 4594 618 4642 natura
634 4505 782 4644 ualeatin
795 4572 954 4670 plerisque
972 4567 1328 4658 moribusefficiendis,
1348 4579 1404 4665 qui
1429 4573 1560 4642 viden--

171 4692 233 4743 tur
247 4664 454 4767 irregulares,
468 4675 501 4739 &
516 4663 557 4736 ab
572 4671 664 4736 omni
673 4665 775 4766 specie
792 4672 859 4740 veri
871 4671 987 4754 alieni,
1001 4666 1183 4765 diligentius
1195 4668 1358 4762 advertere
1370 4690 1438 4737 non
1458 4672 1545 4738 otio·
1668 4719 1671 4735 ,

170 4763 253 4838 sum
264 4768 343 4852 erit,
360 4786 418 4834 aut
429 4761 543 4838 inutile
554 4786 644 4855 ,uec
665 4762 816 4865 opiiusus
838 4766 921 4840 adeo
940 4761 1100 4865 suspedius
1121 4762 1183 4838 elle
1198 4761 1320 4850 debet,
1343 4786 1378 4834 ut
1396 4765 1558 4866 plerique·

177 4855 241 4936 fibi
260 4854 476 4964 persuadent..
771 4864 776 4869 ’
1228 4865 1325 4959 Ggg
1348 4865 1389 4959 ijr
