<?xml version="1.0" encoding="UTF-8"?>
<!DOCTYPE html PUBLIC "-//W3C//DTD XHTML 1.0 Transitional//EN"
    "http://www.w3.org/TR/xhtml1/DTD/xhtml1-transitional.dtd">
<html xmlns="http://www.w3.org/1999/xhtml" xml:lang="en" lang="en">
 <head>
  <title>
</title>
<meta http-equiv="Content-Type" content="text/html;charset=utf-8" />
  <meta name='ocr-system' content='tesseract 3.04.00' />
  <meta name='ocr-capabilities' content='ocr_page ocr_carea ocr_par ocr_line ocrx_word'/>
</head>
<body>
  <div class='ocr_page' id='page_1' title='image "./historia00hamegoog_0282.png"; bbox 0 0 3646 5430; ppageno 0'>
   <div class='ocr_carea' id='block_1_1' title="bbox 148 381 1515 2121">
    <p class='ocr_par' dir='ltr' id='par_1_1' title="bbox 167 381 1515 680">
     <span class='ocr_line' id='line_1_1' title="bbox 399 381 1515 474; baseline 0.01 -14"><span class='ocrx_word' id='word_1_1' title='bbox 399 385 743 463; x_wconf 76' lang='lat' dir='ltr'><strong>ACADEMIAE</strong></span> <span class='ocrx_word' id='word_1_2' title='bbox 786 381 1124 466; x_wconf 73' lang='lat' dir='ltr'><strong>HISTORIA.</strong></span> <span class='ocrx_word' id='word_1_3' title='bbox 1160 387 1232 467; x_wconf 77' lang='lat' dir='ltr'>[m.</span> <span class='ocrx_word' id='word_1_4' title='bbox 1252 397 1314 471; x_wconf 87' lang='lat'>111.</span> <span class='ocrx_word' id='word_1_5' title='bbox 1455 407 1515 474; x_wconf 81' lang='lat'>261</span> 
     </span>
     <span class='ocr_line' id='line_1_2' title="bbox 168 479 1514 594; baseline 0.013 -41"><span class='ocrx_word' id='word_1_6' title='bbox 168 479 229 553; x_wconf 73' lang='lat' dir='ltr'>buce</span> <span class='ocrx_word' id='word_1_7' title='bbox 248 481 414 558; x_wconf 81' lang='lat' dir='ltr'>destitutus</span> <span class='ocrx_word' id='word_1_8' title='bbox 435 484 608 585; x_wconf 83' lang='lat' dir='ltr'>apparebat</span> <span class='ocrx_word' id='word_1_9' title='bbox 620 489 702 556; x_wconf 87' lang='lat' dir='ltr'>inter</span> <span class='ocrx_word' id='word_1_10' title='bbox 723 484 972 560; x_wconf 78' lang='lat' dir='ltr'>exhauriendum</span> <span class='ocrx_word' id='word_1_11' title='bbox 983 491 1056 559; x_wconf 85' lang='lat' dir='ltr'>a&#39;e&#39;ra</span> <span class='ocrx_word' id='word_1_12' title='bbox 1069 543 1081 576; x_wconf 90' lang='lat'>,</span> <span class='ocrx_word' id='word_1_13' title='bbox 1095 514 1162 587; x_wconf 91' lang='lat' dir='ltr'>quo</span> <span class='ocrx_word' id='word_1_14' title='bbox 1174 490 1326 566; x_wconf 86' lang='lat' dir='ltr'>subeunte</span> <span class='ocrx_word' id='word_1_15' title='bbox 1336 493 1514 594; x_wconf 85' lang='lat' dir='ltr'>ingenitam</span> 
     </span>
     <span class='ocr_line' id='line_1_3' title="bbox 167 573 1312 680; baseline 0.019 -36"><span class='ocrx_word' id='word_1_16' title='bbox 167 573 265 651; x_wconf 80' lang='lat' dir='ltr'>iucem</span> <span class='ocrx_word' id='word_1_17' title='bbox 280 582 500 680; x_wconf 83' lang='lat' dir='ltr'>recuperabat.</span> <span class='ocrx_word' id='word_1_18' title='bbox 1311 624 1312 628; x_wconf 43' lang='lat'>¹</span> 
     </span>
    </p>

    <p class='ocr_par' dir='ltr' id='par_1_2' title="bbox 148 676 1511 2121">
     <span class='ocr_line' id='line_1_4' title="bbox 204 676 969 776; baseline 0.005 -28"><span class='ocrx_word' id='word_1_19' title='bbox 204 700 245 759; x_wconf 80' lang='lat'>4.</span> <span class='ocrx_word' id='word_1_20' title='bbox 265 677 449 776; x_wconf 81' lang='lat' dir='ltr'>Lachryma</span> <span class='ocrx_word' id='word_1_21' title='bbox 467 681 568 748; x_wconf 84' lang='lat' dir='ltr'>vitrea</span> <span class='ocrx_word' id='word_1_22' title='bbox 583 682 617 747; x_wconf 91' lang='lat' dir='ltr'>in</span> <span class='ocrx_word' id='word_1_23' title='bbox 629 703 733 750; x_wconf 84' lang='lat' dir='ltr'>vacuo</span> <span class='ocrx_word' id='word_1_24' title='bbox 745 676 892 750; x_wconf 74' lang='lat' dir='ltr'>diffiaua</span> <span class='ocrx_word' id='word_1_25' title='bbox 913 679 969 752; x_wconf 82' lang='lat' dir='ltr'>est.</span> 
     </span>
     <span class='ocr_line' id='line_1_5' title="bbox 161 773 1511 941; baseline 0.012 -98"><span class='ocrx_word' id='word_1_26' title='bbox 161 804 233 937; x_wconf 47' lang='grc' dir='ltr'>ὁάς.</span> <span class='ocrx_word' id='word_1_27' title='bbox 254 775 420 938; x_wconf 54' lang='lat' dir='ltr'>Lineigtura</span> <span class='ocrx_word' id='word_1_28' title='bbox 433 773 586 941; x_wconf 32' lang='lat' dir='ltr'>chaslylbtis·</span> <span class='ocrx_word' id='word_1_29' title='bbox 599 797 690 938; x_wconf 60' lang='lat' dir='ltr'>atapuae</span> <span class='ocrx_word' id='word_1_30' title='bbox 714 774 793 890; x_wconf 76' lang='lat' dir='ltr'>forti</span> <span class='ocrx_word' id='word_1_31' title='bbox 810 774 960 874; x_wconf 79' lang='lat' dir='ltr'>imposita</span> <span class='ocrx_word' id='word_1_32' title='bbox 974 799 1049 848; x_wconf 86' lang='lat' dir='ltr'>cum</span> <span class='ocrx_word' id='word_1_33' title='bbox 1060 775 1247 852; x_wconf 85' lang='lat' dir='ltr'>ebullitione</span> <span class='ocrx_word' id='word_1_34' title='bbox 1259 780 1321 856; x_wconf 88' lang='lat' dir='ltr'>fuit</span> <span class='ocrx_word' id='word_1_35' title='bbox 1338 782 1511 877; x_wconf 76' lang='lat' dir='ltr'>dissoluta,</span> 
     </span>
     <span class='ocr_line' id='line_1_6' title="bbox 224 893 829 944; baseline 0.008 -5"><span class='ocrx_word' id='word_1_36' title='bbox 224 893 295 939; x_wconf 88' lang='lat' dir='ltr'>non</span> <span class='ocrx_word' id='word_1_37' title='bbox 355 894 389 937; x_wconf 79' lang='lat' dir='ltr'>vr</span> <span class='ocrx_word' id='word_1_38' title='bbox 429 894 468 939; x_wconf 84' lang='lat' dir='ltr'>ua</span> <span class='ocrx_word' id='word_1_39' title='bbox 495 895 547 940; x_wconf 90' lang='lat' dir='ltr'>oe</span> <span class='ocrx_word' id='word_1_40' title='bbox 566 897 610 939; x_wconf 81' lang='lat' dir='ltr'>in</span> <span class='ocrx_word' id='word_1_41' title='bbox 683 895 829 944; x_wconf 86' lang='lat' dir='ltr'>rtoaere.</span> 
     </span>
     <span class='ocr_line' id='line_1_7' title="bbox 150 895 1510 1125; baseline 0.019 -95"><span class='ocrx_word' id='word_1_42' title='bbox 150 1052 173 1125; x_wconf 69' lang='lat' dir='ltr'>s</span> <span class='ocrx_word' id='word_1_43' title='bbox 191 977 236 1048; x_wconf 15' lang='lat'>⁴6.</span> <span class='ocrx_word' id='word_1_44' title='bbox 254 896 427 1061; x_wconf 53' lang='lat' dir='ltr'>Magneti}</span> <span class='ocrx_word' id='word_1_45' title='bbox 429 895 726 1064; x_wconf 72' lang='lat' dir='ltr'>experimentaption</span> <span class='ocrx_word' id='word_1_46' title='bbox 736 967 827 1040; x_wconf 87' lang='lat' dir='ltr'>aliter</span> <span class='ocrx_word' id='word_1_47' title='bbox 841 974 876 1039; x_wconf 90' lang='lat' dir='ltr'>in</span> <span class='ocrx_word' id='word_1_48' title='bbox 898 994 1002 1043; x_wconf 84' lang='lat' dir='ltr'>vacuo</span> <span class='ocrx_word' id='word_1_49' title='bbox 1025 974 1128 1067; x_wconf 77' lang='lat' dir='ltr'>quim</span> <span class='ocrx_word' id='word_1_50' title='bbox 1147 976 1180 1044; x_wconf 89' lang='lat' dir='ltr'>in</span> <span class='ocrx_word' id='word_1_51' title='bbox 1200 996 1312 1070; x_wconf 85' lang='lat' dir='ltr'>aperto</span> <span class='ocrx_word' id='word_1_52' title='bbox 1335 981 1408 1052; x_wconf 83' lang='lat' dir='ltr'>a&#39;e&#39;re</span> <span class='ocrx_word' id='word_1_53' title='bbox 1424 981 1510 1056; x_wconf 64' lang='lat' dir='ltr'>fabia</span> 
     </span>
     <span class='ocr_line' id='line_1_8' title="bbox 166 1084 238 1136; baseline 0.083 -7"><span class='ocrx_word' id='word_1_54' title='bbox 166 1084 238 1136; x_wconf 89' lang='lat' dir='ltr'>unt.</span> 
     </span>
     <span class='ocr_line' id='line_1_9' title="bbox 198 1157 1510 1266; baseline 0.014 -38"><span class='ocrx_word' id='word_1_55' title='bbox 198 1164 247 1231; x_wconf 82' lang='lat' dir='ltr'>V.</span> <span class='ocrx_word' id='word_1_56' title='bbox 271 1159 361 1229; x_wconf 90' lang='lat' dir='ltr'>Cum</span> <span class='ocrx_word' id='word_1_57' title='bbox 377 1160 417 1228; x_wconf 88' lang='lat' dir='ltr'>de</span> <span class='ocrx_word' id='word_1_58' title='bbox 437 1161 531 1229; x_wconf 81' lang='lat' dir='ltr'>variis</span> <span class='ocrx_word' id='word_1_59' title='bbox 545 1162 612 1226; x_wconf 89' lang='lat' dir='ltr'>auri</span> <span class='ocrx_word' id='word_1_60' title='bbox 629 1157 795 1256; x_wconf 85' lang='lat' dir='ltr'>generibus</span> <span class='ocrx_word' id='word_1_61' title='bbox 809 1158 914 1235; x_wconf 84' lang='lat' dir='ltr'>sermo</span> <span class='ocrx_word' id='word_1_62' title='bbox 926 1161 1112 1251; x_wconf 83' lang='lat' dir='ltr'>haberetur,</span> <span class='ocrx_word' id='word_1_63' title='bbox 1130 1173 1175 1242; x_wconf 89' lang='lat' dir='ltr'>D.</span> <span class='ocrx_word' id='word_1_64' title='bbox 1191 1167 1325 1266; x_wconf 81' lang='lat' dir='ltr'>Gaiioys</span> <span class='ocrx_word' id='word_1_65' title='bbox 1339 1172 1510 1246; x_wconf 84' lang='lat' dir='ltr'>admonuit</span> 
     </span>
     <span class='ocr_line' id='line_1_10' title="bbox 148 1252 1508 1364; baseline 0.014 -44"><span class='ocrx_word' id='word_1_66' title='bbox 148 1272 273 1325; x_wconf 76' lang='lat' dir='ltr'>tutum</span> <span class='ocrx_word' id='word_1_67' title='bbox 291 1254 451 1325; x_wconf 80' lang='lat' dir='ltr'>Siamense</span> <span class='ocrx_word' id='word_1_68' title='bbox 464 1257 575 1324; x_wconf 87' lang='lat' dir='ltr'>nostro</span> <span class='ocrx_word' id='word_1_69' title='bbox 591 1252 757 1324; x_wconf 76' lang='lat' dir='ltr'>flexibilius</span> <span class='ocrx_word' id='word_1_70' title='bbox 771 1253 832 1324; x_wconf 81' lang='lat' dir='ltr'>effe</span> <span class='ocrx_word' id='word_1_71' title='bbox 843 1282 882 1326; x_wconf 88' lang='lat' dir='ltr'>ae</span> <span class='ocrx_word' id='word_1_72' title='bbox 896 1254 1003 1328; x_wconf 80' lang='lat' dir='ltr'>minus</span> <span class='ocrx_word' id='word_1_73' title='bbox 1019 1258 1172 1358; x_wconf 85' lang='lat' dir='ltr'>disrumpi</span> <span class='ocrx_word' id='word_1_74' title='bbox 1189 1320 1199 1350; x_wconf 94' lang='lat'>,</span> <span class='ocrx_word' id='word_1_75' title='bbox 1221 1261 1296 1334; x_wconf 83' lang='lat' dir='ltr'>fides</span> <span class='ocrx_word' id='word_1_76' title='bbox 1307 1267 1396 1337; x_wconf 85' lang='lat' dir='ltr'>clave</span> <span class='ocrx_word' id='word_1_77' title='bbox 1412 1293 1508 1364; x_wconf 85' lang='lat' dir='ltr'>cym-</span> 
     </span>
     <span class='ocr_line' id='line_1_11' title="bbox 148 1342 1510 1435; baseline 0.014 -19"><span class='ocrx_word' id='word_1_78' title='bbox 148 1342 225 1416; x_wconf 88' lang='lat' dir='ltr'>bali</span> <span class='ocrx_word' id='word_1_79' title='bbox 241 1371 328 1420; x_wconf 86' lang='lat' dir='ltr'>exeo</span> <span class='ocrx_word' id='word_1_80' title='bbox 342 1350 452 1420; x_wconf 69' lang='lat' dir='ltr'>dubias</span> <span class='ocrx_word' id='word_1_81' title='bbox 490 1355 648 1420; x_wconf 74' lang='lat' dir='ltr'>rariorem</span> <span class='ocrx_word' id='word_1_82' title='bbox 666 1348 757 1420; x_wconf 88' lang='lat' dir='ltr'>edere</span> <span class='ocrx_word' id='word_1_83' title='bbox 769 1344 893 1421; x_wconf 86' lang='lat' dir='ltr'>sonum.</span> <span class='ocrx_word' id='word_1_84' title='bbox 919 1358 973 1423; x_wconf 83' lang='lat' dir='ltr'>Sic</span> <span class='ocrx_word' id='word_1_85' title='bbox 992 1376 1104 1426; x_wconf 88' lang='lat' dir='ltr'>aurum</span> <span class='ocrx_word' id='word_1_86' title='bbox 1122 1357 1281 1430; x_wconf 85' lang='lat' dir='ltr'>Guinense</span> <span class='ocrx_word' id='word_1_87' title='bbox 1300 1366 1333 1431; x_wconf 89' lang='lat' dir='ltr'>in</span> <span class='ocrx_word' id='word_1_88' title='bbox 1357 1359 1437 1433; x_wconf 84' lang='lat' dir='ltr'>folia</span> <span class='ocrx_word' id='word_1_89' title='bbox 1461 1365 1510 1435; x_wconf 92' lang='lat' dir='ltr'>di·</span> 
     </span>
     <span class='ocr_line' id='line_1_12' title="bbox 148 1375 1508 1615; baseline 0.015 -103"><span class='ocrx_word' id='word_1_90' title='bbox 148 1443 260 1615; x_wconf 44' lang='lat' dir='ltr'>&amp;ci¹2</span> <span class='ocrx_word' id='word_1_91' title='bbox 276 1447 396 1614; x_wconf 59' lang='lat' dir='ltr'>lautciltpa</span> <span class='ocrx_word' id='word_1_92' title='bbox 407 1375 705 1611; x_wconf 70' lang='lat' dir='ltr'>pppiurataiamina</span> <span class='ocrx_word' id='word_1_93' title='bbox 722 1442 849 1517; x_wconf 87' lang='lat' dir='ltr'>illudio</span> <span class='ocrx_word' id='word_1_94' title='bbox 869 1448 1003 1519; x_wconf 84' lang='lat' dir='ltr'>stamina</span> <span class='ocrx_word' id='word_1_95' title='bbox 1019 1458 1141 1523; x_wconf 85' lang='lat' dir='ltr'>tenuari</span> <span class='ocrx_word' id='word_1_96' title='bbox 1167 1452 1261 1524; x_wconf 73' lang='lat' dir='ltr'>facili</span> <span class='ocrx_word' id='word_1_97' title='bbox 1285 1455 1372 1553; x_wconf 81' lang='lat' dir='ltr'>posse</span> <span class='ocrx_word' id='word_1_98' title='bbox 1396 1460 1508 1533; x_wconf 88' lang='lat' dir='ltr'>docuit</span> 
     </span>
     <span class='ocr_line' id='line_1_13' title="bbox 190 1567 489 1614; baseline 0.007 -2"><span class='ocrx_word' id='word_1_99' title='bbox 190 1592 203 1612; x_wconf 91' lang='lat'><strong>.</strong></span> <span class='ocrx_word' id='word_1_100' title='bbox 288 1567 320 1612; x_wconf 78' lang='lat' dir='ltr'>a·</span> <span class='ocrx_word' id='word_1_101' title='bbox 460 1567 489 1614; x_wconf 92' lang='lat' dir='ltr'>e.</span> 
     </span>
     <span class='ocr_line' id='line_1_14' title="bbox 202 1567 1504 1748; baseline 0.012 -40"><span class='ocrx_word' id='word_1_102' title='bbox 202 1642 271 1710; x_wconf 79' lang='lat' dir='ltr'>Die</span> <span class='ocrx_word' id='word_1_103' title='bbox 291 1666 327 1727; x_wconf 81' lang='lat'>23</span> <span class='ocrx_word' id='word_1_104' title='bbox 344 1567 549 1736; x_wconf 55' lang='lat' dir='ltr'>ngalloyr</span> <span class='ocrx_word' id='word_1_105' title='bbox 560 1638 726 1736; x_wconf 85' lang='lat' dir='ltr'>epistolam</span> <span class='ocrx_word' id='word_1_106' title='bbox 739 1639 778 1710; x_wconf 88' lang='lat' dir='ltr'>ad</span> <span class='ocrx_word' id='word_1_107' title='bbox 793 1637 874 1711; x_wconf 84' lang='lat' dir='ltr'>seex</span> <span class='ocrx_word' id='word_1_108' title='bbox 884 1639 975 1714; x_wconf 85' lang='lat' dir='ltr'>Italia</span> <span class='ocrx_word' id='word_1_109' title='bbox 991 1639 1115 1714; x_wconf 71' lang='lat' dir='ltr'><strong>miiiim</strong></span> <span class='ocrx_word' id='word_1_110' title='bbox 1131 1642 1220 1743; x_wconf 82' lang='lat' dir='ltr'>legit,</span> <span class='ocrx_word' id='word_1_111' title='bbox 1235 1652 1268 1720; x_wconf 91' lang='lat' dir='ltr'>in</span> <span class='ocrx_word' id='word_1_112' title='bbox 1278 1649 1504 1748; x_wconf 75' lang='lat' dir='ltr'>quadepueila</span> 
     </span>
     <span class='ocr_line' id='line_1_15' title="bbox 148 1733 1219 1833; baseline 0.009 -31"><span class='ocrx_word' id='word_1_113' title='bbox 148 1757 223 1829; x_wconf 78' lang='lat' dir='ltr'>quae</span> <span class='ocrx_word' id='word_1_114' title='bbox 238 1737 340 1804; x_wconf 72' lang='lat' dir='ltr'>nodiu</span> <span class='ocrx_word' id='word_1_115' title='bbox 352 1759 409 1832; x_wconf 88' lang='lat' dir='ltr'>per</span> <span class='ocrx_word' id='word_1_116' title='bbox 421 1733 547 1828; x_wconf 86' lang='lat' dir='ltr'>aliquot</span> <span class='ocrx_word' id='word_1_117' title='bbox 566 1756 692 1833; x_wconf 86' lang='lat' dir='ltr'>tempus</span> <span class='ocrx_word' id='word_1_118' title='bbox 705 1734 831 1806; x_wconf 84' lang='lat' dir='ltr'>videbat</span> <span class='ocrx_word' id='word_1_119' title='bbox 845 1792 856 1820; x_wconf 94' lang='lat'>,</span> <span class='ocrx_word' id='word_1_120' title='bbox 870 1745 993 1809; x_wconf 85' lang='lat' dir='ltr'>mentio</span> <span class='ocrx_word' id='word_1_121' title='bbox 1011 1735 1196 1812; x_wconf 78' lang='lat' dir='ltr'>habebatur.</span> <span class='ocrx_word' id='word_1_122' title='bbox 1212 1813 1219 1820; x_wconf 79' lang='grc'><strong>,</strong></span> 
     </span>
     <span class='ocr_line' id='line_1_16' title="bbox 192 1829 1502 1938; baseline 0.012 -40"><span class='ocrx_word' id='word_1_123' title='bbox 192 1837 265 1905; x_wconf 89' lang='lat' dir='ltr'>v1.</span> <span class='ocrx_word' id='word_1_124' title='bbox 294 1834 334 1901; x_wconf 88' lang='lat' dir='ltr'>In</span> <span class='ocrx_word' id='word_1_125' title='bbox 358 1834 384 1900; x_wconf 82' lang='lat' dir='ltr'>E</span> <span class='ocrx_word' id='word_1_126' title='bbox 407 1829 497 1898; x_wconf 82' lang='lat' dir='ltr'>istola</span> <span class='ocrx_word' id='word_1_127' title='bbox 511 1856 610 1925; x_wconf 87' lang='lat' dir='ltr'>quam</span> <span class='ocrx_word' id='word_1_128' title='bbox 631 1834 686 1901; x_wconf 79' lang='lat' dir='ltr'>die</span> <span class='ocrx_word' id='word_1_129' title='bbox 707 1860 745 1919; x_wconf 86' lang='lat'>²7</span> <span class='ocrx_word' id='word_1_130' title='bbox 761 1831 855 1932; x_wconf 87' lang='lat' dir='ltr'>Junii</span> <span class='ocrx_word' id='word_1_131' title='bbox 878 1839 954 1904; x_wconf 89' lang='lat' dir='ltr'>anni</span> <span class='ocrx_word' id='word_1_132' title='bbox 975 1840 1122 1909; x_wconf 78' lang='grc' dir='ltr'>ι6861).Ι</span> <span class='ocrx_word' id='word_1_133' title='bbox 1141 1837 1181 1906; x_wconf 86' lang='lat' dir='ltr'>de</span> <span class='ocrx_word' id='word_1_134' title='bbox 1203 1842 1366 1938; x_wconf 72' lang='lat' dir='ltr'>fontenay</span> <span class='ocrx_word' id='word_1_135' title='bbox 1391 1846 1502 1914; x_wconf 87' lang='lat' dir='ltr'>Siamo</span> 
     </span>
     <span class='ocr_line' id='line_1_17' title="bbox 148 1922 1504 2028; baseline 0.012 -34"><span class='ocrx_word' id='word_1_136' title='bbox 148 1922 231 1997; x_wconf 86' lang='lat' dir='ltr'>miiit</span> <span class='ocrx_word' id='word_1_137' title='bbox 246 1927 293 1997; x_wconf 88' lang='lat' dir='ltr'>ad·</span> <span class='ocrx_word' id='word_1_138' title='bbox 313 1932 359 2001; x_wconf 92' lang='lat' dir='ltr'>D.</span> <span class='ocrx_word' id='word_1_139' title='bbox 393 1924 622 2025; x_wconf 84' lang='lat' dir='ltr'>elaChapelie</span> <span class='ocrx_word' id='word_1_140' title='bbox 640 1983 650 2014; x_wconf 89' lang='lat'>‚</span> <span class='ocrx_word' id='word_1_141' title='bbox 671 1931 753 1998; x_wconf 88' lang='lat' dir='ltr'>inter</span> <span class='ocrx_word' id='word_1_142' title='bbox 776 1924 971 2028; x_wconf 82' lang='lat' dir='ltr'>aliascripfit</span> <span class='ocrx_word' id='word_1_143' title='bbox 990 1927 1115 2024; x_wconf 84' lang='lat' dir='ltr'>lignum</span> <span class='ocrx_word' id='word_1_144' title='bbox 1141 1935 1304 2026; x_wconf 83' lang='lat' dir='ltr'>quoddam</span> <span class='ocrx_word' id='word_1_145' title='bbox 1324 1941 1358 2005; x_wconf 91' lang='lat' dir='ltr'>in</span> <span class='ocrx_word' id='word_1_146' title='bbox 1376 1961 1414 2007; x_wconf 87' lang='lat' dir='ltr'>ea</span> <span class='ocrx_word' id='word_1_147' title='bbox 1442 1940 1504 2010; x_wconf 82' lang='lat' dir='ltr'>eiie</span> 
     </span>
     <span class='ocr_line' id='line_1_18' title="bbox 148 2017 1503 2121; baseline 0.01 -31"><span class='ocrx_word' id='word_1_148' title='bbox 148 2027 303 2119; x_wconf 81' lang='lat' dir='ltr'>regione,</span> <span class='ocrx_word' id='word_1_149' title='bbox 323 2022 356 2092; x_wconf 86' lang='lat' dir='ltr'>id</span> <span class='ocrx_word' id='word_1_150' title='bbox 373 2043 492 2099; x_wconf 80' lang='lat' dir='ltr'>vocant</span> <span class='ocrx_word' id='word_1_151' title='bbox 505 2022 630 2120; x_wconf 82' lang='lat' dir='ltr'>lignum</span> <span class='ocrx_word' id='word_1_152' title='bbox 649 2017 687 2086; x_wconf 83' lang='lat' dir='ltr'>de</span> <span class='ocrx_word' id='word_1_153' title='bbox 705 2022 841 2104; x_wconf 71' lang='lat' dir='ltr'>=Solon,</span> <span class='ocrx_word' id='word_1_154' title='bbox 867 2047 934 2121; x_wconf 88' lang='lat' dir='ltr'>quo</span> <span class='ocrx_word' id='word_1_155' title='bbox 949 2021 1091 2095; x_wconf 79' lang='lat' dir='ltr'>sanandis</span> <span class='ocrx_word' id='word_1_156' title='bbox 1102 2024 1242 2099; x_wconf 81' lang='lat' dir='ltr'>febribus</span> <span class='ocrx_word' id='word_1_157' title='bbox 1256 2053 1388 2102; x_wconf 88' lang='lat' dir='ltr'>utuntur</span> <span class='ocrx_word' id='word_1_158' title='bbox 1408 2089 1419 2118; x_wconf 91' lang='lat'>‚</span> <span class='ocrx_word' id='word_1_159' title='bbox 1443 2058 1503 2104; x_wconf 86' lang='lat' dir='ltr'>nec</span> 
     </span>
    </p>
   </div>
   <div class='ocr_carea' id='block_1_2' title="bbox 1536 486 1673 674">
    <p class='ocr_par' dir='ltr' id='par_1_3' title="bbox 1536 486 1673 674">
     <span class='ocr_line' id='line_1_19' title="bbox 1538 486 1622 603; baseline 0 -47"><span class='ocrx_word' id='word_1_160' title='bbox 1538 486 1622 603; x_wconf 62' lang='lat' dir='ltr'>Cbp&#39;</span> 
     </span>
     <span class='ocr_line' id='line_1_20' title="bbox 1536 605 1673 674; baseline 0 -22"><span class='ocrx_word' id='word_1_161' title='bbox 1536 605 1630 674; x_wconf 76' lang='lat' dir='ltr'>mica,</span> <span class='ocrx_word' id='word_1_162' title='bbox 1668 656 1673 667; x_wconf 64' lang='grc'><em>,</em></span> 
     </span>
    </p>
   </div>
   <div class='ocr_carea' id='block_1_3' title="bbox 148 2114 1578 2215">
    <p class='ocr_par' dir='ltr' id='par_1_4' title="bbox 148 2114 1578 2215">
     <span class='ocr_line' id='line_1_21' title="bbox 148 2114 1578 2215; baseline 0.008 -26"><span class='ocrx_word' id='word_1_163' title='bbox 148 2122 262 2189; x_wconf 71' lang='lat' dir='ltr'>marici</span> <span class='ocrx_word' id='word_1_164' title='bbox 276 2123 457 2191; x_wconf 79' lang='lat' dir='ltr'>Peruviano</span> <span class='ocrx_word' id='word_1_165' title='bbox 468 2116 559 2213; x_wconf 88' lang='lat' dir='ltr'>hujus</span> <span class='ocrx_word' id='word_1_166' title='bbox 572 2119 650 2215; x_wconf 83' lang='lat' dir='ltr'>iigni</span> <span class='ocrx_word' id='word_1_167' title='bbox 663 2123 818 2190; x_wconf 88' lang='lat' dir='ltr'>corticem</span> <span class='ocrx_word' id='word_1_168' title='bbox 830 2117 972 2191; x_wconf 84' lang='lat' dir='ltr'>multiim</span> <span class='ocrx_word' id='word_1_169' title='bbox 986 2114 1159 2191; x_wconf 80' lang='lat' dir='ltr'>absimilem</span> <span class='ocrx_word' id='word_1_170' title='bbox 1171 2123 1342 2214; x_wconf 86' lang='lat' dir='ltr'>judicabat.</span> <span class='ocrx_word' id='word_1_171' title='bbox 1377 2125 1503 2200; x_wconf 77' lang='lat' dir='ltr'>lbiess&#39;e</span> <span class='ocrx_word' id='word_1_172' title='bbox 1574 2119 1578 2124; x_wconf 27' lang='lat'>⁸</span> 
     </span>
    </p>
   </div>
   <div class='ocr_carea' id='block_1_4' title="bbox 147 2210 1504 3081">
    <p class='ocr_par' dir='ltr' id='par_1_5' title="bbox 147 2210 1504 2883">
     <span class='ocr_line' id='line_1_22' title="bbox 148 2210 1501 2311; baseline 0.007 -27"><span class='ocrx_word' id='word_1_173' title='bbox 148 2210 272 2301; x_wconf 60' lang='lat' dir='ltr'>mium</span> <span class='ocrx_word' id='word_1_174' title='bbox 285 2238 419 2284; x_wconf 85' lang='lat' dir='ltr'>aureum</span> <span class='ocrx_word' id='word_1_175' title='bbox 431 2240 464 2287; x_wconf 80' lang='lat' dir='ltr'>v.</span> <span class='ocrx_word' id='word_1_176' title='bbox 483 2210 522 2278; x_wconf 78' lang='lat' dir='ltr'>de</span> <span class='ocrx_word' id='word_1_177' title='bbox 547 2215 705 2302; x_wconf 68' lang='lat' dir='ltr'>sancho,</span> <span class='ocrx_word' id='word_1_178' title='bbox 718 2224 806 2306; x_wconf 77' lang='lat' dir='ltr'>cujus</span> <span class='ocrx_word' id='word_1_179' title='bbox 821 2213 945 2301; x_wconf 55' lang='lat' dir='ltr'>finibus</span> <span class='ocrx_word' id='word_1_180' title='bbox 957 2219 1001 2286; x_wconf 85' lang='lat' dir='ltr'>est</span> <span class='ocrx_word' id='word_1_181' title='bbox 1024 2215 1170 2311; x_wconf 85' lang='lat' dir='ltr'>exquisiti</span> <span class='ocrx_word' id='word_1_182' title='bbox 1189 2215 1218 2287; x_wconf 85' lang='lat' dir='ltr'>sa</span> <span class='ocrx_word' id='word_1_183' title='bbox 1244 2225 1331 2292; x_wconf 75' lang='lat' dir='ltr'>orisr</span> <span class='ocrx_word' id='word_1_184' title='bbox 1350 2222 1434 2293; x_wconf 87' lang='lat' dir='ltr'>hanc</span> <span class='ocrx_word' id='word_1_185' title='bbox 1446 2247 1501 2294; x_wconf 82' lang='lat' dir='ltr'>ar·</span> 
     </span>
     <span class='ocr_line' id='line_1_23' title="bbox 148 2245 1501 2416; baseline 0.009 -38"><span class='ocrx_word' id='word_1_186' title='bbox 148 2302 262 2381; x_wconf 80' lang='lat' dir='ltr'>berem</span> <span class='ocrx_word' id='word_1_187' title='bbox 277 2315 312 2381; x_wconf 89' lang='lat' dir='ltr'>in</span> <span class='ocrx_word' id='word_1_188' title='bbox 328 2307 434 2380; x_wconf 81' lang='lat' dir='ltr'>Gallia</span> <span class='ocrx_word' id='word_1_189' title='bbox 447 2309 511 2381; x_wconf 86' lang='lat' dir='ltr'>coli</span> <span class='ocrx_word' id='word_1_190' title='bbox 529 2320 562 2384; x_wconf 77' lang='grc' dir='ltr'>δε</span> <span class='ocrx_word' id='word_1_191' title='bbox 582 2313 675 2381; x_wconf 88' lang='lat' dir='ltr'>educi</span> <span class='ocrx_word' id='word_1_192' title='bbox 692 2306 777 2404; x_wconf 79' lang='lat' dir='ltr'>poiie</span> <span class='ocrx_word' id='word_1_193' title='bbox 789 2308 996 2381; x_wconf 85' lang='lat' dir='ltr'>existimabat.</span> <span class='ocrx_word' id='word_1_194' title='bbox 1034 2308 1126 2395; x_wconf 82' lang='lat' dir='ltr'>Alios</span> <span class='ocrx_word' id='word_1_195' title='bbox 1154 2245 1276 2383; x_wconf 67' lang='lat' dir='ltr'>frutius</span> <span class='ocrx_word' id='word_1_196' title='bbox 1297 2317 1404 2413; x_wconf 86' lang='lat' dir='ltr'>palato</span> <span class='ocrx_word' id='word_1_197' title='bbox 1425 2344 1501 2416; x_wconf 79' lang='lat' dir='ltr'>gra·</span> 
     </span>
     <span class='ocr_line' id='line_1_24' title="bbox 147 2402 1501 2505; baseline 0.001 -30"><span class='ocrx_word' id='word_1_198' title='bbox 147 2424 465 2492; x_wconf 78' lang='lat' dir='ltr'>totcommemotat,</span> <span class='ocrx_word' id='word_1_199' title='bbox 481 2407 631 2477; x_wconf 83' lang='lat' dir='ltr'>duriones</span> <span class='ocrx_word' id='word_1_200' title='bbox 642 2408 801 2500; x_wconf 82' lang='lat' dir='ltr'><strong>imprimis</strong></span> <span class='ocrx_word' id='word_1_201' title='bbox 817 2404 994 2505; x_wconf 83' lang='lat' dir='ltr'>peponibus</span> <span class='ocrx_word' id='word_1_202' title='bbox 1007 2402 1133 2478; x_wconf 81' lang='lat' dir='ltr'>similes.</span> <span class='ocrx_word' id='word_1_203' title='bbox 1154 2403 1266 2475; x_wconf 80' lang='lat' dir='ltr'>Alium</span> <span class='ocrx_word' id='word_1_204' title='bbox 1277 2408 1418 2482; x_wconf 74' lang='lat' dir='ltr'>studium</span> <span class='ocrx_word' id='word_1_205' title='bbox 1428 2439 1501 2484; x_wconf 88' lang='lat' dir='ltr'>me.</span> 
     </span>
     <span class='ocr_line' id='line_1_25' title="bbox 148 2499 1499 2599; baseline 0.006 -29"><span class='ocrx_word' id='word_1_206' title='bbox 148 2524 257 2572; x_wconf 78' lang='lat' dir='ltr'>morat</span> <span class='ocrx_word' id='word_1_207' title='bbox 268 2503 364 2574; x_wconf 73' lang='lat' dir='ltr'>instar</span> <span class='ocrx_word' id='word_1_208' title='bbox 379 2505 470 2597; x_wconf 82' lang='lat' dir='ltr'><strong>pomi</strong></span> <span class='ocrx_word' id='word_1_209' title='bbox 485 2505 658 2575; x_wconf 88' lang='lat' dir='ltr'>rotundum</span> <span class='ocrx_word' id='word_1_210' title='bbox 673 2500 893 2596; x_wconf 75' lang='lat' dir='ltr'>Mangoustan</span> <span class='ocrx_word' id='word_1_211' title='bbox 912 2523 1032 2571; x_wconf 78' lang='lat' dir='ltr'>vocant</span> <span class='ocrx_word' id='word_1_212' title='bbox 1046 2553 1068 2583; x_wconf 86' lang='lat'>,.</span> <span class='ocrx_word' id='word_1_213' title='bbox 1080 2499 1161 2595; x_wconf 88' lang='lat' dir='ltr'>pelle</span> <span class='ocrx_word' id='word_1_214' title='bbox 1173 2499 1252 2569; x_wconf 83' lang='lat' dir='ltr'>foris</span> <span class='ocrx_word' id='word_1_215' title='bbox 1266 2508 1356 2599; x_wconf 82' lang='lat' dir='ltr'>nigra</span> <span class='ocrx_word' id='word_1_216' title='bbox 1378 2559 1389 2583; x_wconf 91' lang='lat'><em>‚</em></span> <span class='ocrx_word' id='word_1_217' title='bbox 1413 2511 1499 2579; x_wconf 74' lang='lat' dir='ltr'>intui</span> 
     </span>
     <span class='ocr_line' id='line_1_26' title="bbox 148 2592 1498 2691; baseline 0.007 -27"><span class='ocrx_word' id='word_1_218' title='bbox 148 2594 249 2666; x_wconf 82' lang='lat' dir='ltr'>rubra</span> <span class='ocrx_word' id='word_1_219' title='bbox 262 2654 274 2685; x_wconf 90' lang='lat'>,</span> <span class='ocrx_word' id='word_1_220' title='bbox 287 2595 405 2669; x_wconf 70' lang='lat' dir='ltr'>nuum</span> <span class='ocrx_word' id='word_1_221' title='bbox 423 2597 468 2666; x_wconf 87' lang='lat' dir='ltr'>est</span> <span class='ocrx_word' id='word_1_222' title='bbox 482 2601 654 2685; x_wconf 85' lang='lat' dir='ltr'>candidus,</span> <span class='ocrx_word' id='word_1_223' title='bbox 673 2594 714 2665; x_wconf 91' lang='lat' dir='ltr'>ab</span> <span class='ocrx_word' id='word_1_224' title='bbox 732 2621 802 2666; x_wconf 80' lang='lat' dir='ltr'>uvae</span> <span class='ocrx_word' id='word_1_225' title='bbox 830 2592 941 2691; x_wconf 87' lang='lat' dir='ltr'>sapore</span> <span class='ocrx_word' id='word_1_226' title='bbox 962 2620 1031 2665; x_wconf 89' lang='lat' dir='ltr'>non</span> <span class='ocrx_word' id='word_1_227' title='bbox 1044 2592 1175 2668; x_wconf 88' lang='lat' dir='ltr'>alienus.</span> <span class='ocrx_word' id='word_1_228' title='bbox 1214 2600 1287 2667; x_wconf 82' lang='lat' dir='ltr'>Hos</span> <span class='ocrx_word' id='word_1_229' title='bbox 1314 2598 1438 2672; x_wconf 75' lang='lat' dir='ltr'>fructus</span> <span class='ocrx_word' id='word_1_230' title='bbox 1461 2611 1498 2672; x_wconf 82' lang='grc' dir='ltr'>δι</span> 
     </span>
     <span class='ocr_line' id='line_1_27' title="bbox 148 2688 1504 2791; baseline 0.007 -31"><span class='ocrx_word' id='word_1_231' title='bbox 148 2689 284 2764; x_wconf 77' lang='lat' dir='ltr'>arbores</span> <span class='ocrx_word' id='word_1_232' title='bbox 298 2688 457 2789; x_wconf 87' lang='lat' dir='ltr'>inquibus</span> <span class='ocrx_word' id='word_1_233' title='bbox 470 2691 640 2765; x_wconf 84' lang='lat' dir='ltr'>nascuntur</span> <span class='ocrx_word' id='word_1_234' title='bbox 653 2750 664 2779; x_wconf 90' lang='lat'>,</span> <span class='ocrx_word' id='word_1_235' title='bbox 679 2688 837 2791; x_wconf 82' lang='lat' dir='ltr'>descripfit</span> <span class='ocrx_word' id='word_1_236' title='bbox 853 2696 890 2765; x_wconf 88' lang='lat' dir='ltr'>P.</span> <span class='ocrx_word' id='word_1_237' title='bbox 903 2696 985 2766; x_wconf 87' lang='lat' dir='ltr'>Btze</span> <span class='ocrx_word' id='word_1_238' title='bbox 996 2695 1031 2762; x_wconf 76' lang='lat' dir='ltr'>ia</span> <span class='ocrx_word' id='word_1_239' title='bbox 1052 2688 1191 2788; x_wconf 75' lang='lat' dir='ltr'>Physicis</span> <span class='ocrx_word' id='word_1_240' title='bbox 1206 2699 1241 2766; x_wconf 71' lang='lat' dir='ltr'>ot</span> <span class='ocrx_word' id='word_1_241' title='bbox 1257 2694 1504 2772; x_wconf 74' lang='lat' dir='ltr'>Mathematicio</span> 
     </span>
     <span class='ocr_line' id='line_1_28' title="bbox 148 2782 1297 2883; baseline 0.007 -27"><span class='ocrx_word' id='word_1_242' title='bbox 148 2782 423 2860; x_wconf 73' lang='lat' dir='ltr'>observationibus</span> <span class='ocrx_word' id='word_1_243' title='bbox 437 2792 528 2861; x_wconf 88' lang='lat' dir='ltr'>editis</span> <span class='ocrx_word' id='word_1_244' title='bbox 544 2799 565 2862; x_wconf 77' lang='lat' dir='ltr'>&#39;a</span> <span class='ocrx_word' id='word_1_245' title='bbox 586 2798 622 2864; x_wconf 93' lang='lat' dir='ltr'>P.</span> <span class='ocrx_word' id='word_1_246' title='bbox 640 2794 745 2860; x_wconf 82' lang='lat' dir='ltr'>Govie</span> <span class='ocrx_word' id='word_1_247' title='bbox 764 2813 849 2860; x_wconf 87' lang='lat' dir='ltr'>anuo</span> <span class='ocrx_word' id='word_1_248' title='bbox 866 2804 902 2861; x_wconf 83' lang='lat'>16</span> <span class='ocrx_word' id='word_1_249' title='bbox 904 2820 956 2883; x_wconf 76' lang='lat'>9²·</span> <span class='ocrx_word' id='word_1_250' title='bbox 1296 2878 1297 2881; x_wconf 8' lang='grc' dir='ltr'><strong>Ἴ</strong></span> 
     </span>
    </p>

    <p class='ocr_par' dir='ltr' id='par_1_6' title="bbox 148 2880 1499 3081">
     <span class='ocr_line' id='line_1_29' title="bbox 191 2880 1499 2991; baseline 0.006 -39"><span class='ocrx_word' id='word_1_251' title='bbox 191 2887 284 2953; x_wconf 81' lang='lat' dir='ltr'>Inter</span> <span class='ocrx_word' id='word_1_252' title='bbox 307 2883 453 2981; x_wconf 74' lang='lat' dir='ltr'>Physicis</span> <span class='ocrx_word' id='word_1_253' title='bbox 475 2882 710 2961; x_wconf 77' lang='lat' dir='ltr'>observationes</span> <span class='ocrx_word' id='word_1_254' title='bbox 732 2890 773 2958; x_wconf 89' lang='lat' dir='ltr'>P.</span> <span class='ocrx_word' id='word_1_255' title='bbox 786 2887 825 2955; x_wconf 87' lang='lat' dir='ltr'>de</span> <span class='ocrx_word' id='word_1_256' title='bbox 845 2890 1037 2991; x_wconf 78' lang='lat' dir='ltr'>Fontenap,</span> <span class='ocrx_word' id='word_1_257' title='bbox 1062 2880 1117 2954; x_wconf 90' lang='lat' dir='ltr'>iila</span> <span class='ocrx_word' id='word_1_258' title='bbox 1145 2885 1307 2985; x_wconf 87' lang='lat' dir='ltr'>postremo</span> <span class='ocrx_word' id='word_1_259' title='bbox 1333 2885 1409 2958; x_wconf 92' lang='lat' dir='ltr'>loco</span> <span class='ocrx_word' id='word_1_260' title='bbox 1430 2912 1499 2965; x_wconf 87' lang='lat' dir='ltr'>non</span> 
     </span>
     <span class='ocr_line' id='line_1_30' title="bbox 148 2975 1497 3081; baseline 0.007 -31"><span class='ocrx_word' id='word_1_261' title='bbox 148 2977 188 3050; x_wconf 79' lang='lat' dir='ltr'>est</span> <span class='ocrx_word' id='word_1_262' title='bbox 210 2976 385 3068; x_wconf 79' lang='lat' dir='ltr'>habenda,</span> <span class='ocrx_word' id='word_1_263' title='bbox 401 3007 465 3075; x_wconf 86' lang='lat' dir='ltr'>qua</span> <span class='ocrx_word' id='word_1_264' title='bbox 483 3006 631 3052; x_wconf 88' lang='lat' dir='ltr'>notatum</span> <span class='ocrx_word' id='word_1_265' title='bbox 652 2981 714 3053; x_wconf 86' lang='lat' dir='ltr'>fuit</span> <span class='ocrx_word' id='word_1_266' title='bbox 734 2985 828 3051; x_wconf 82' lang='lat' dir='ltr'>maris</span> <span class='ocrx_word' id='word_1_267' title='bbox 842 3006 963 3077; x_wconf 80' lang='lat' dir='ltr'>aquam</span> <span class='ocrx_word' id='word_1_268' title='bbox 984 2975 1160 3077; x_wconf 85' lang='lat' dir='ltr'>tepescere,</span> <span class='ocrx_word' id='word_1_269' title='bbox 1183 2987 1216 3050; x_wconf 72' lang='grc' dir='ltr'>δε</span> <span class='ocrx_word' id='word_1_270' title='bbox 1236 2986 1308 3051; x_wconf 82' lang='lat' dir='ltr'>a&#39;e&#39;ra</span> <span class='ocrx_word' id='word_1_271' title='bbox 1328 2979 1497 3081; x_wconf 87' lang='lat' dir='ltr'>sulphureo</span> 
     </span>
    </p>
   </div>
   <div class='ocr_carea' id='block_1_5' title="bbox 148 3072 1645 3174">
    <p class='ocr_par' dir='ltr' id='par_1_7' title="bbox 148 3072 1645 3174">
     <span class='ocr_line' id='line_1_31' title="bbox 148 3072 1645 3174; baseline 0.008 -31"><span class='ocrx_word' id='word_1_272' title='bbox 148 3073 246 3144; x_wconf 81' lang='lat' dir='ltr'>odore</span> <span class='ocrx_word' id='word_1_273' title='bbox 270 3073 441 3174; x_wconf 85' lang='lat' dir='ltr'>perfundi,</span> <span class='ocrx_word' id='word_1_274' title='bbox 465 3102 638 3173; x_wconf 81' lang='lat' dir='ltr'>antequam</span> <span class='ocrx_word' id='word_1_275' title='bbox 652 3078 811 3173; x_wconf 85' lang='lat' dir='ltr'>typhones</span> <span class='ocrx_word' id='word_1_276' title='bbox 831 3074 1030 3162; x_wconf 82' lang='lat' dir='ltr'>formentur,</span> <span class='ocrx_word' id='word_1_277' title='bbox 1044 3074 1125 3144; x_wconf 87' lang='lat' dir='ltr'>adeo</span> <span class='ocrx_word' id='word_1_278' title='bbox 1146 3072 1278 3146; x_wconf 88' lang='lat' dir='ltr'>densum</span> <span class='ocrx_word' id='word_1_279' title='bbox 1299 3074 1359 3147; x_wconf 82' lang='lat' dir='ltr'>effe</span> <span class='ocrx_word' id='word_1_280' title='bbox 1371 3083 1443 3150; x_wconf 82' lang='lat' dir='ltr'>a&#39;c‘ra</span> <span class='ocrx_word' id='word_1_281' title='bbox 1461 3103 1499 3155; x_wconf 86' lang='lat' dir='ltr'>ut</span> <span class='ocrx_word' id='word_1_282' title='bbox 1641 3108 1645 3112; x_wconf 55' lang='lat'><strong><em>⁴</em></strong></span> 
     </span>
    </p>
   </div>
   <div class='ocr_carea' id='block_1_6' title="bbox 148 3164 1499 3744">
    <p class='ocr_par' dir='ltr' id='par_1_8' title="bbox 148 3164 1497 3364">
     <span class='ocr_line' id='line_1_32' title="bbox 148 3164 1497 3272; baseline 0.006 -34"><span class='ocrx_word' id='word_1_283' title='bbox 148 3167 241 3239; x_wconf 73' lang='lat' dir='ltr'>stella</span> <span class='ocrx_word' id='word_1_284' title='bbox 256 3171 343 3242; x_wconf 78' lang='lat' dir='ltr'>eoelo</span> <span class='ocrx_word' id='word_1_285' title='bbox 359 3166 469 3243; x_wconf 83' lang='lat' dir='ltr'>sereno</span> <span class='ocrx_word' id='word_1_286' title='bbox 483 3198 550 3243; x_wconf 89' lang='lat' dir='ltr'>non</span> <span class='ocrx_word' id='word_1_287' title='bbox 562 3173 747 3249; x_wconf 81' lang='lat' dir='ltr'>videantur.</span> <span class='ocrx_word' id='word_1_288' title='bbox 762 3168 888 3268; x_wconf 82' lang='lat' dir='ltr'>aliaque</span> <span class='ocrx_word' id='word_1_289' title='bbox 903 3164 1020 3242; x_wconf 80' lang='lat' dir='ltr'>subeffe</span> <span class='ocrx_word' id='word_1_290' title='bbox 1042 3170 1167 3257; x_wconf 76' lang='lat' dir='ltr'>indicia·</span> <span class='ocrx_word' id='word_1_291' title='bbox 1193 3175 1239 3243; x_wconf 84' lang='lat' dir='ltr'>Ex</span> <span class='ocrx_word' id='word_1_292' title='bbox 1259 3169 1497 3272; x_wconf 77' lang='lat' dir='ltr'>ignesubtetra·</span> 
     </span>
     <span class='ocr_line' id='line_1_33' title="bbox 148 3263 1277 3364; baseline 0.003 -29"><span class='ocrx_word' id='word_1_293' title='bbox 148 3263 380 3360; x_wconf 81' lang='lat' dir='ltr'>ueoejusmodi</span> <span class='ocrx_word' id='word_1_294' title='bbox 392 3289 457 3339; x_wconf 90' lang='lat' dir='ltr'>tem</span> <span class='ocrx_word' id='word_1_295' title='bbox 481 3269 593 3340; x_wconf 84' lang='lat' dir='ltr'>estates</span> <span class='ocrx_word' id='word_1_296' title='bbox 610 3270 739 3337; x_wconf 81' lang='lat' dir='ltr'>excitati</span> <span class='ocrx_word' id='word_1_297' title='bbox 753 3267 831 3358; x_wconf 86' lang='lat' dir='ltr'>justa</span> <span class='ocrx_word' id='word_1_298' title='bbox 844 3263 977 3364; x_wconf 87' lang='lat' dir='ltr'>suspicio</span> <span class='ocrx_word' id='word_1_299' title='bbox 988 3268 1044 3341; x_wconf 86' lang='lat' dir='ltr'>est.</span> <span class='ocrx_word' id='word_1_300' title='bbox 1272 3346 1277 3357; x_wconf 32' lang='lat'><strong>¹</strong></span> 
     </span>
    </p>

    <p class='ocr_par' dir='ltr' id='par_1_9' title="bbox 148 3295 1499 3744">
     <span class='ocr_line' id='line_1_34' title="bbox 201 3295 1499 3460; baseline 0.005 -27"><span class='ocrx_word' id='word_1_301' title='bbox 201 3367 290 3435; x_wconf 84' lang='lat' dir='ltr'><strong>Vll.</strong></span> <span class='ocrx_word' id='word_1_302' title='bbox 307 3367 441 3433; x_wconf 86' lang='lat' dir='ltr'>Ineunte</span> <span class='ocrx_word' id='word_1_303' title='bbox 459 3295 523 3434; x_wconf 76' lang='lat' dir='ltr'>iot</span> <span class='ocrx_word' id='word_1_304' title='bbox 541 3389 627 3434; x_wconf 88' lang='lat' dir='ltr'>anno</span> <span class='ocrx_word' id='word_1_305' title='bbox 648 3365 694 3433; x_wconf 92' lang='lat' dir='ltr'>D.</span> <span class='ocrx_word' id='word_1_306' title='bbox 705 3364 744 3433; x_wconf 89' lang='lat' dir='ltr'>de</span> <span class='ocrx_word' id='word_1_307' title='bbox 758 3362 789 3432; x_wconf 81' lang='lat' dir='ltr'>la</span> <span class='ocrx_word' id='word_1_308' title='bbox 802 3361 957 3460; x_wconf 84' lang='lat' dir='ltr'>Chapelie</span> <span class='ocrx_word' id='word_1_309' title='bbox 970 3360 1204 3435; x_wconf 82' lang='lat' dir='ltr'>observationes</span> <span class='ocrx_word' id='word_1_310' title='bbox 1220 3362 1242 3432; x_wconf 69' lang='lat' dir='ltr'>h</span> <span class='ocrx_word' id='word_1_311' title='bbox 1262 3368 1298 3438; x_wconf 90' lang='lat' dir='ltr'>P.</span> <span class='ocrx_word' id='word_1_312' title='bbox 1322 3371 1359 3440; x_wconf 93' lang='lat' dir='ltr'>P.</span> <span class='ocrx_word' id='word_1_313' title='bbox 1384 3370 1499 3439; x_wconf 62' lang='lat' dir='ltr'>Socio-¹</span> 
     </span>
     <span class='ocr_line' id='line_1_35' title="bbox 148 3455 1498 3558; baseline -0.002 -28"><span class='ocrx_word' id='word_1_314' title='bbox 148 3461 216 3530; x_wconf 76' lang='lat' dir='ltr'>tatis</span> <span class='ocrx_word' id='word_1_315' title='bbox 231 3456 335 3528; x_wconf 70' lang='lat' dir='ltr'>fabbas</span> <span class='ocrx_word' id='word_1_316' title='bbox 347 3461 382 3527; x_wconf 90' lang='lat' dir='ltr'>in</span> <span class='ocrx_word' id='word_1_317' title='bbox 399 3462 629 3531; x_wconf 76' lang='lat' dir='ltr'>promontorio</span> <span class='ocrx_word' id='word_1_318' title='bbox 644 3463 740 3526; x_wconf 82' lang='lat' dir='ltr'>Bonae</span> <span class='ocrx_word' id='word_1_319' title='bbox 754 3460 829 3551; x_wconf 88' lang='lat' dir='ltr'>Spei</span> <span class='ocrx_word' id='word_1_320' title='bbox 844 3513 855 3542; x_wconf 90' lang='lat'>,</span> <span class='ocrx_word' id='word_1_321' title='bbox 872 3481 947 3525; x_wconf 85' lang='lat' dir='ltr'>eum</span> <span class='ocrx_word' id='word_1_322' title='bbox 960 3455 1091 3553; x_wconf 81' lang='lat' dir='ltr'>epistola</span> <span class='ocrx_word' id='word_1_323' title='bbox 1107 3458 1148 3525; x_wconf 84' lang='lat' dir='ltr'>ad</span> <span class='ocrx_word' id='word_1_324' title='bbox 1160 3458 1368 3535; x_wconf 80' lang='lat' dir='ltr'><strong>Academiam</strong></span> <span class='ocrx_word' id='word_1_325' title='bbox 1381 3455 1498 3558; x_wconf 73' lang='lat' dir='ltr'>scripta</span> 
     </span>
     <span class='ocr_line' id='line_1_36' title="bbox 148 3548 1495 3649; baseline -0.004 -26"><span class='ocrx_word' id='word_1_326' title='bbox 148 3551 301 3627; x_wconf 77' lang='lat' dir='ltr'>exhibuit.</span> <span class='ocrx_word' id='word_1_327' title='bbox 329 3557 400 3624; x_wconf 87' lang='lat' dir='ltr'>Has</span> <span class='ocrx_word' id='word_1_328' title='bbox 412 3551 645 3627; x_wconf 84' lang='lat' dir='ltr'>observationes</span> <span class='ocrx_word' id='word_1_329' title='bbox 658 3555 691 3621; x_wconf 91' lang='lat' dir='ltr'>in</span> <span class='ocrx_word' id='word_1_330' title='bbox 705 3554 867 3636; x_wconf 80' lang='lat' dir='ltr'>itinerario</span> <span class='ocrx_word' id='word_1_331' title='bbox 880 3548 936 3620; x_wconf 86' lang='lat' dir='ltr'>suo</span> <span class='ocrx_word' id='word_1_332' title='bbox 951 3572 1021 3621; x_wconf 90' lang='lat' dir='ltr'>tum</span> <span class='ocrx_word' id='word_1_333' title='bbox 1039 3554 1125 3625; x_wconf 88' lang='lat' dir='ltr'>edito</span> <span class='ocrx_word' id='word_1_334' title='bbox 1138 3574 1255 3646; x_wconf 85' lang='lat' dir='ltr'>magna</span> <span class='ocrx_word' id='word_1_335' title='bbox 1270 3574 1308 3620; x_wconf 84' lang='lat' dir='ltr'>ex</span> <span class='ocrx_word' id='word_1_336' title='bbox 1326 3574 1415 3649; x_wconf 84' lang='lat' dir='ltr'>parte</span> <span class='ocrx_word' id='word_1_337' title='bbox 1438 3577 1495 3624; x_wconf 84' lang='lat' dir='ltr'>ex.</span> 
     </span>
     <span class='ocr_line' id='line_1_37' title="bbox 148 3643 1373 3744; baseline 0.002 -29"><span class='ocrx_word' id='word_1_338' title='bbox 148 3643 253 3744; x_wconf 86' lang='lat' dir='ltr'>posuit</span> <span class='ocrx_word' id='word_1_339' title='bbox 267 3643 304 3722; x_wconf 82' lang='lat' dir='ltr'>P.</span> <span class='ocrx_word' id='word_1_340' title='bbox 322 3646 495 3722; x_wconf 86' lang='lat' dir='ltr'>Tasehard.</span> <span class='ocrx_word' id='word_1_341' title='bbox 509 3647 511 3651; x_wconf 32' lang='lat'><strong>¹</strong></span> <span class='ocrx_word' id='word_1_342' title='bbox 1371 3680 1373 3685; x_wconf 94' lang='grc'><strong><em>·</em></strong></span> 
     </span>
    </p>
   </div>
   <div class='ocr_carea' id='block_1_7' title="bbox 198 3712 1630 3836">
    <p class='ocr_par' dir='ltr' id='par_1_10' title="bbox 198 3712 1630 3836">
     <span class='ocr_line' id='line_1_38' title="bbox 198 3712 1630 3836; baseline -0.004 -20"><span class='ocrx_word' id='word_1_343' title='bbox 198 3750 324 3818; x_wconf 83' lang='lat' dir='ltr'><strong>Vlll.</strong></span> <span class='ocrx_word' id='word_1_344' title='bbox 360 3748 423 3814; x_wconf 88' lang='lat' dir='ltr'>Die</span> <span class='ocrx_word' id='word_1_345' title='bbox 450 3774 482 3817; x_wconf 87' lang='lat'>12</span> <span class='ocrx_word' id='word_1_346' title='bbox 511 3742 711 3818; x_wconf 83' lang='lat' dir='ltr'>Novembris</span> <span class='ocrx_word' id='word_1_347' title='bbox 740 3746 786 3819; x_wconf 90' lang='lat' dir='ltr'>D.</span> <span class='ocrx_word' id='word_1_348' title='bbox 809 3738 848 3808; x_wconf 91' lang='lat' dir='ltr'>de</span> <span class='ocrx_word' id='word_1_349' title='bbox 872 3737 903 3811; x_wconf 85' lang='lat' dir='ltr'>la</span> <span class='ocrx_word' id='word_1_350' title='bbox 928 3736 1083 3836; x_wconf 72' lang='lat' dir='ltr'>chapelle</span> <span class='ocrx_word' id='word_1_351' title='bbox 1104 3740 1179 3812; x_wconf 79' lang='lat' dir='ltr'>duas</span> <span class='ocrx_word' id='word_1_352' title='bbox 1202 3712 1321 3812; x_wconf 75' lang='lat' dir='ltr'>litteras</span> <span class='ocrx_word' id='word_1_353' title='bbox 1345 3742 1368 3813; x_wconf 74' lang='lat' dir='ltr'>a</span> <span class='ocrx_word' id='word_1_354' title='bbox 1390 3747 1427 3819; x_wconf 89' lang='lat' dir='ltr'>P.</span> <span class='ocrx_word' id='word_1_355' title='bbox 1455 3744 1495 3818; x_wconf 86' lang='lat' dir='ltr'>de</span> <span class='ocrx_word' id='word_1_356' title='bbox 1629 3807 1630 3810; x_wconf 74' lang='grc'>,</span> 
     </span>
    </p>
   </div>
   <div class='ocr_carea' id='block_1_8' title="bbox 148 3831 1496 4588">
    <p class='ocr_par' dir='ltr' id='par_1_11' title="bbox 148 3831 1496 4588">
     <span class='ocr_line' id='line_1_39' title="bbox 148 3831 1496 3939; baseline 0.002 -30"><span class='ocrx_word' id='word_1_357' title='bbox 148 3839 311 3939; x_wconf 78' lang='lat' dir='ltr'>Fontenap</span> <span class='ocrx_word' id='word_1_358' title='bbox 332 3842 429 3910; x_wconf 88' lang='lat' dir='ltr'>Siami</span> <span class='ocrx_word' id='word_1_359' title='bbox 444 3843 529 3911; x_wconf 84' lang='lat' dir='ltr'>datas</span> <span class='ocrx_word' id='word_1_360' title='bbox 544 3846 690 3938; x_wconf 89' lang='lat' dir='ltr'>accepit,</span> <span class='ocrx_word' id='word_1_361' title='bbox 716 3862 790 3909; x_wconf 88' lang='lat' dir='ltr'>cum</span> <span class='ocrx_word' id='word_1_362' title='bbox 808 3831 1079 3908; x_wconf 80' lang='lat' dir='ltr'>observationibus</span> <span class='ocrx_word' id='word_1_363' title='bbox 1096 3834 1349 3926; x_wconf 78' lang='lat' dir='ltr'>Astronomicis,</span> <span class='ocrx_word' id='word_1_364' title='bbox 1368 3864 1446 3936; x_wconf 85' lang='lat' dir='ltr'>quas</span> <span class='ocrx_word' id='word_1_365' title='bbox 1458 3846 1496 3919; x_wconf 88' lang='lat' dir='ltr'>P.</span> 
     </span>
     <span class='ocr_line' id='line_1_40' title="bbox 148 3927 1495 4032; baseline -0.005 -23"><span class='ocrx_word' id='word_1_366' title='bbox 148 3932 307 4009; x_wconf 82' lang='lat' dir='ltr'>Tasthard</span> <span class='ocrx_word' id='word_1_367' title='bbox 326 3936 425 4032; x_wconf 82' lang='lat' dir='ltr'>praeio</span> <span class='ocrx_word' id='word_1_368' title='bbox 445 3937 588 4006; x_wconf 88' lang='lat' dir='ltr'>mandari</span> <span class='ocrx_word' id='word_1_369' title='bbox 610 3941 744 4008; x_wconf 89' lang='lat' dir='ltr'>curavit.</span> <span class='ocrx_word' id='word_1_370' title='bbox 769 3938 814 4004; x_wconf 82' lang='lat' dir='ltr'>Ex</span> <span class='ocrx_word' id='word_1_371' title='bbox 834 3936 945 4027; x_wconf 84' lang='lat' dir='ltr'>primis</span> <span class='ocrx_word' id='word_1_372' title='bbox 966 3927 1240 4003; x_wconf 86' lang='lat' dir='ltr'>observationibus</span> <span class='ocrx_word' id='word_1_373' title='bbox 1263 3933 1374 4011; x_wconf 86' lang='lat' dir='ltr'>eadem</span> <span class='ocrx_word' id='word_1_374' title='bbox 1396 3940 1495 4012; x_wconf 87' lang='lat' dir='ltr'>meti.</span> 
     </span>
     <span class='ocr_line' id='line_1_41' title="bbox 148 4022 1494 4126; baseline -0.002 -24"><span class='ocrx_word' id='word_1_375' title='bbox 148 4032 315 4103; x_wconf 86' lang='lat' dir='ltr'>dianorum</span> <span class='ocrx_word' id='word_1_376' title='bbox 332 4027 510 4103; x_wconf 81' lang='lat' dir='ltr'>differentia</span> <span class='ocrx_word' id='word_1_377' title='bbox 519 4037 662 4118; x_wconf 86' lang='lat' dir='ltr'>eruitur,</span> <span class='ocrx_word' id='word_1_378' title='bbox 683 4055 753 4126; x_wconf 83' lang='lat' dir='ltr'>quae</span> <span class='ocrx_word' id='word_1_379' title='bbox 769 4053 806 4099; x_wconf 84' lang='lat' dir='ltr'>ex</span> <span class='ocrx_word' id='word_1_380' title='bbox 823 4027 982 4125; x_wconf 85' lang='lat' dir='ltr'>postrema</span> <span class='ocrx_word' id='word_1_381' title='bbox 1004 4030 1101 4098; x_wconf 83' lang='lat' dir='ltr'>Lunae</span> <span class='ocrx_word' id='word_1_382' title='bbox 1113 4022 1219 4122; x_wconf 86' lang='lat' dir='ltr'>eclipfi</span> <span class='ocrx_word' id='word_1_383' title='bbox 1233 4024 1360 4106; x_wconf 83' lang='lat' dir='ltr'>definita</span> <span class='ocrx_word' id='word_1_384' title='bbox 1378 4029 1494 4108; x_wconf 83' lang='lat' dir='ltr'>fuerat.</span> 
     </span>
     <span class='ocr_line' id='line_1_42' title="bbox 148 4119 1495 4225; baseline -0.004 -27"><span class='ocrx_word' id='word_1_385' title='bbox 148 4134 182 4198; x_wconf 85' lang='lat' dir='ltr'>iu</span> <span class='ocrx_word' id='word_1_386' title='bbox 198 4124 365 4225; x_wconf 81' lang='lat' dir='ltr'>posteriori</span> <span class='ocrx_word' id='word_1_387' title='bbox 378 4128 516 4223; x_wconf 86' lang='lat' dir='ltr'>Epistola</span> <span class='ocrx_word' id='word_1_388' title='bbox 536 4130 734 4197; x_wconf 89' lang='lat' dir='ltr'>mentionem</span> <span class='ocrx_word' id='word_1_389' title='bbox 758 4125 836 4194; x_wconf 85' lang='lat' dir='ltr'>facit</span> <span class='ocrx_word' id='word_1_390' title='bbox 851 4119 1073 4192; x_wconf 85' lang='lat' dir='ltr'>Observatorii</span> <span class='ocrx_word' id='word_1_391' title='bbox 1093 4178 1104 4207; x_wconf 93' lang='lat'>,</span> <span class='ocrx_word' id='word_1_392' title='bbox 1128 4121 1216 4213; x_wconf 90' lang='lat' dir='ltr'>quod</span> <span class='ocrx_word' id='word_1_393' title='bbox 1237 4123 1308 4196; x_wconf 82' lang='lat' dir='ltr'>Rex</span> <span class='ocrx_word' id='word_1_394' title='bbox 1326 4124 1495 4199; x_wconf 74' lang='lat' dir='ltr'>Siameniir</span> 
     </span>
     <span class='ocr_line' id='line_1_43' title="bbox 148 4213 1494 4320; baseline -0.001 -26"><span class='ocrx_word' id='word_1_395' title='bbox 148 4246 214 4294; x_wconf 91' lang='lat' dir='ltr'>tum</span> <span class='ocrx_word' id='word_1_396' title='bbox 227 4225 384 4295; x_wconf 82' lang='lat' dir='ltr'>exstruere</span> <span class='ocrx_word' id='word_1_397' title='bbox 403 4219 586 4320; x_wconf 83' lang='lat' dir='ltr'>cogitabat,</span> <span class='ocrx_word' id='word_1_398' title='bbox 601 4229 735 4317; x_wconf 82' lang='lat' dir='ltr'>&amp;cujus</span> <span class='ocrx_word' id='word_1_399' title='bbox 754 4219 962 4291; x_wconf 83' lang='lat' dir='ltr'>fundamenta</span> <span class='ocrx_word' id='word_1_400' title='bbox 979 4224 1097 4308; x_wconf 88' lang='lat' dir='ltr'>jecerat</span> <span class='ocrx_word' id='word_1_401' title='bbox 1115 4249 1126 4304; x_wconf 88' lang='lat'>;</span> <span class='ocrx_word' id='word_1_402' title='bbox 1141 4213 1223 4286; x_wconf 87' lang='lat' dir='ltr'>iilius</span> <span class='ocrx_word' id='word_1_403' title='bbox 1243 4218 1366 4292; x_wconf 79' lang='lat' dir='ltr'>aedificii</span> <span class='ocrx_word' id='word_1_404' title='bbox 1386 4219 1494 4292; x_wconf 81' lang='lat' dir='ltr'>forma</span> 
     </span>
     <span class='ocr_line' id='line_1_44' title="bbox 148 4315 1391 4390; baseline 0.003 0"><span class='ocrx_word' id='word_1_405' title='bbox 148 4315 205 4390; x_wconf 80' lang='lat' dir='ltr'>fuit</span> <span class='ocrx_word' id='word_1_406' title='bbox 222 4319 391 4390; x_wconf 83' lang='lat' dir='ltr'>delineata.</span> <span class='ocrx_word' id='word_1_407' title='bbox 1385 4362 1391 4379; x_wconf 66' lang='grc' dir='ltr'><strong><em>ι</em></strong></span> 
     </span>
     <span class='ocr_line' id='line_1_45' title="bbox 188 4405 1493 4577; baseline -0.005 -90"><span class='ocrx_word' id='word_1_408' title='bbox 188 4414 259 4487; x_wconf 87' lang='lat' dir='ltr'>Sub</span> <span class='ocrx_word' id='word_1_409' title='bbox 276 4417 362 4486; x_wconf 87' lang='lat' dir='ltr'>idern</span> <span class='ocrx_word' id='word_1_410' title='bbox 382 4431 506 4577; x_wconf 82' lang='lat' dir='ltr'>tempus</span> <span class='ocrx_word' id='word_1_411' title='bbox 522 4413 570 4487; x_wconf 86' lang='lat' dir='ltr'>D.</span> <span class='ocrx_word' id='word_1_412' title='bbox 582 4412 620 4482; x_wconf 92' lang='lat' dir='ltr'>de</span> <span class='ocrx_word' id='word_1_413' title='bbox 633 4410 665 4482; x_wconf 84' lang='lat' dir='ltr'>la</span> <span class='ocrx_word' id='word_1_414' title='bbox 677 4413 759 4481; x_wconf 87' lang='lat' dir='ltr'>Hire</span> <span class='ocrx_word' id='word_1_415' title='bbox 773 4408 892 4484; x_wconf 82' lang='lat' dir='ltr'>litteras</span> <span class='ocrx_word' id='word_1_416' title='bbox 907 4405 928 4477; x_wconf 78' lang='grc' dir='ltr'>ὲ</span> <span class='ocrx_word' id='word_1_417' title='bbox 944 4411 989 4485; x_wconf 89' lang='lat' dir='ltr'>D.</span> <span class='ocrx_word' id='word_1_418' title='bbox 1001 4412 1136 4574; x_wconf 69' lang='lat' dir='ltr'>Hpgeus</span> <span class='ocrx_word' id='word_1_419' title='bbox 1149 4405 1403 4505; x_wconf 83' lang='lat' dir='ltr'>accepit,quibru</span> <span class='ocrx_word' id='word_1_420' title='bbox 1417 4433 1493 4480; x_wconf 89' lang='lat' dir='ltr'>eum</span> 
     </span>
     <span class='ocr_line' id='line_1_46' title="bbox 247 4507 446 4588; baseline -0.02 -7"><span class='ocrx_word' id='word_1_421' title='bbox 247 4536 316 4588; x_wconf 82' lang='lat' dir='ltr'>rem</span> <span class='ocrx_word' id='word_1_422' title='bbox 335 4507 413 4580; x_wconf 86' lang='lat' dir='ltr'>fecit</span> <span class='ocrx_word' id='word_1_423' title='bbox 426 4535 446 4576; x_wconf 94' lang='lat' dir='ltr'>o</span> 
     </span>
    </p>
   </div>
   <div class='ocr_carea' id='block_1_9' title="bbox 148 4533 1497 4985">
    <p class='ocr_par' dir='ltr' id='par_1_12' title="bbox 148 4533 1497 4985">
     <span class='ocr_line' id='line_1_47' title="bbox 148 4533 1496 4803; baseline -0.011 -27"><span class='ocrx_word' id='word_1_424' title='bbox 148 4533 281 4776; x_wconf 46' lang='lat'>323&amp;</span> <span class='ocrx_word' id='word_1_425' title='bbox 291 4593 770 4780; x_wconf 49' lang='lat' dir='ltr'>iitinhdiididiiibtihdigiietide</span> <span class='ocrx_word' id='word_1_426' title='bbox 782 4696 875 4776; x_wconf 80' lang='lat' dir='ltr'>tebus</span> <span class='ocrx_word' id='word_1_427' title='bbox 886 4693 1149 4776; x_wconf 74' lang='lat' dir='ltr'>Astronomieisa</span> <span class='ocrx_word' id='word_1_428' title='bbox 1166 4690 1197 4763; x_wconf 90' lang='lat' dir='ltr'>se</span> <span class='ocrx_word' id='word_1_429' title='bbox 1211 4690 1496 4803; x_wconf 74' lang='lat' dir='ltr'>elucubratasiegit</span> 
     </span>
     <span class='ocr_line' id='line_1_48' title="bbox 148 4789 1497 4985; baseline -0.013 -111"><span class='ocrx_word' id='word_1_430' title='bbox 148 4802 189 4891; x_wconf 79' lang='lat' dir='ltr'>D·</span> <span class='ocrx_word' id='word_1_431' title='bbox 211 4796 348 4896; x_wconf 79' lang='lat' dir='ltr'>Caffini.</span> <span class='ocrx_word' id='word_1_432' title='bbox 369 4798 477 4878; x_wconf 79' lang='lat' dir='ltr'>Prima</span> <span class='ocrx_word' id='word_1_433' title='bbox 497 4791 662 4868; x_wconf 81' lang='lat' dir='ltr'>historiam</span> <span class='ocrx_word' id='word_1_434' title='bbox 681 4791 892 4893; x_wconf 77' lang='lat' dir='ltr'>Astronomiae</span> <span class='ocrx_word' id='word_1_435' title='bbox 905 4789 1130 4892; x_wconf 64' lang='lat' dir='ltr'>eomplestitut</span> <span class='ocrx_word' id='word_1_436' title='bbox 1150 4844 1163 4884; x_wconf 83' lang='lat'>,</span> <span class='ocrx_word' id='word_1_437' title='bbox 1183 4811 1371 4985; x_wconf 41' lang='lat' dir='ltr'>qppaekoipen</span> <span class='ocrx_word' id='word_1_438' title='bbox 1389 4810 1497 4892; x_wconf 68' lang='lat' dir='ltr'>nupia⁴</span> 
     </span>
    </p>
   </div>
   <div class='ocr_carea' id='block_1_10' title="bbox 471 4503 1588 4602">
    <p class='ocr_par' dir='ltr' id='par_1_13' title="bbox 471 4503 1588 4602">
     <span class='ocr_line' id='line_1_49' title="bbox 471 4503 1588 4602; baseline -0.001 -28"><span class='ocrx_word' id='word_1_439' title='bbox 471 4510 702 4598; x_wconf 70' lang='lat' dir='ltr'>jediivavitra,</span> <span class='ocrx_word' id='word_1_440' title='bbox 717 4519 818 4601; x_wconf 80' lang='lat' dir='ltr'>eaque</span> <span class='ocrx_word' id='word_1_441' title='bbox 831 4507 955 4601; x_wconf 88' lang='lat' dir='ltr'>optima</span> <span class='ocrx_word' id='word_1_442' title='bbox 966 4503 1046 4581; x_wconf 84' lang='lat' dir='ltr'>Tele</span> <span class='ocrx_word' id='word_1_443' title='bbox 1062 4507 1162 4602; x_wconf 85' lang='lat' dir='ltr'>copiis</span> <span class='ocrx_word' id='word_1_444' title='bbox 1171 4511 1274 4598; x_wconf 66' lang='lat'>150&amp;</span> <span class='ocrx_word' id='word_1_445' title='bbox 1293 4531 1359 4578; x_wconf 84' lang='lat'>200</span> <span class='ocrx_word' id='word_1_446' title='bbox 1377 4505 1494 4601; x_wconf 86' lang='lat' dir='ltr'>pedum</span> <span class='ocrx_word' id='word_1_447' title='bbox 1584 4528 1588 4536; x_wconf 91' lang='lat'><strong>·</strong></span> 
     </span>
    </p>
   </div>
   <div class='ocr_carea' id='block_1_11' title="bbox 0 0 1828 5430">
    <p class='ocr_par' dir='ltr' id='par_1_14' title="bbox 0 0 1828 5430">
     <span class='ocr_line' id='line_1_50' title="bbox 0 0 1828 5430; baseline 0 0"><span class='ocrx_word' id='word_1_448' title='bbox 0 0 1828 5430; x_wconf 95' lang='lat' dir='ltr'> </span> 
     </span>
    </p>
   </div>
  </div>
 </body>
</html>
