3646 5430
350 370 679 448 ACADEMIAE
748 371 1084 452 HTSTORIA.
1110 375 1255 455 1112111.
1442 409 1505 473 277

158 489 188 538 tn
205 472 353 566 Sequana
368 470 585 540 constructum
605 489 809 554 curaverant,
834 466 925 541 fimul
946 479 980 544 dr
1000 471 1147 563 machine
1170 476 1387 547 exhauriendis
1411 499 1430 545 a
1455 485 1502 549 uis
1519 481 1651 575 Phyfi«

162 562 308 636 destinata
327 588 363 660 ry
443 562 629 636 attulerunt.
671 568 755 635 Pons
769 563 863 635 illed
885 572 927 638 D·
957 564 1114 655 Heben,
1143 568 1290 640 machina
1316 501 1500 670 hydraulica
1515 601 1561 648 cn

165 659 360 826 ffistsselb'
375 658 466 731 letter
490 657 552 743 fuir
572 662 764 756 excogitata.
803 663 955 757 Utraque
979 659 1127 734 machina
1155 663 1317 760 ingeniosa
1348 674 1383 739 δι
1417 664 1501 740 utilit
1565 663 1567 666 Α

202 855 318 927 ΧΙΙΙ.
357 847 520 944 Quasdam
543 852 684 919 Heronis
703 849 906 920 Alexandrini
928 847 1212 949 propofirionesex
1228 851 1313 924 libro
1339 857 1380 927 de
1404 854 1498 955 spiri-

160 944 267 1016 alibus'
284 950 377 1018 deoet
401 968 469 1030 ras,
485 939 649 1040 proposuit
668 947 714 1020 D.
726 946 766 1014 de
783 943 812 1013 la
837 949 941 1031 Hire,
964 969 1036 1040 φιτ
1062 945 1170 1019 minds
1192 971 1271 1016 vetae
1295 949 1336 1020 ab
1358 976 1398 1021 eo
1426 950 1498 1023 sunt
1644 983 1650 991 ·

151 1041 291 1127 iudicatae
305 1096 317 1127 ‚
329 972 444 1136 eadpue
456 1042 605 1110 correxit.
634 1043 742 1130 Hujus
756 1036 829 1109 libri
846 1062 978 1110 examen
993 1043 1027 1109 in
1041 1037 1168 1137 aliquor
1183 1043 1398 1138 congreffibus
1415 1071 1507 1117 con-⁴

149 1135 294 1211 tiouavir.
314 1143 400 1206 inter
413 1157 452 1204 ea
468 1155 538 1228 qua
550 1139 718 1204 annotavit
729 1132 889 1230 plurima,
907 1130 1089 1204 machinam
1108 1160 1179 1230 φιτ
1195 1133 1236 1205 ab
1259 1143 1392 1211 Herone
1407 1163 1498 1238 gutta

148 1224 328 1319 vocitatur,
340 1227 545 1325 explanavit,
564 1226 652 1320 quod
665 1253 784 1323 aquam
795 1233 946 1324 guttatim
963 1231 1076 1324 persy
1101 1227 1218 1300 honem
1231 1232 1498 1321 emittatubica-

148 1315 219 1394 lore
233 1324 317 1397 Solis
326 1328 427 1395 vitrea
447 1317 587 1418 ampulla
600 1322 741 1394 incaluit.
777 1324 887 1416 Atque
899 1321 992 1416 hujus
1012 1254 1165 1393 marbinae
1183 1321 1348 1398 occalione
1369 1355 1433 1424 qna
1448 1335 1494 1417 vi,

148 1441 258 1516 guare
273 1423 390 1492 ratione
404 1413 513 1487 succus
532 1439 587 1512 per
600 1410 693 1488 fibras
705 1416 887 1515 plantarum
912 1413 1031 1488 sursum
1053 1416 1239 1506 erueretur,
1265 1420 1421 1520 explicate
1442 1424 1506 1497 in?

148 1507 266 1610 greffitt
278 1515 335 1586 est.
354 1512 455 1606 Qod
468 1532 692 1606 argumentum
709 1513 815 1609 postea
824 1509 950 1582 uberior
964 1513 1179 1610 pertradlavit.

197 1611 267 1680 Die
281 1639 297 1704 5
313 1611 429 1679 Martii
442 1612 489 1678 D.
503 1607 687 1679 Commiers
701 1605 864 1702 horologii
878 1605 1036 1704 portatilis
1059 1603 1197 1702 figuram
1219 1608 1370 1684 linearem
1392 1615 1501 1705 dedir,'

148 1701 234 1798 :rjus
250 1704 430 1774 duetorem
441 1706 486 1772 ait
503 1696 563 1769 effe
582 1705 629 1772 D.
647 1707 800 1797 Harquin
814 1707 848 1770 in
860 1724 901 1770 eo
913 1724 1029 1797 genere
1043 1698 1164 1798 opificii
1177 1703 1271 1777 valde
1282 1708 1469 1782 industrium
1482 1739 1492 1782 ι

148 1799 301 1871 dtustura
315 1795 488 1898 simplicior
501 1803 534 1868 δι
547 1801 569 1866 a
585 1795 767 1897 vulgaribus
777 1793 896 1866 diversa
905 1792 971 1899 risa
984 1796 1040 1868 est.

153 1988 1489 2046 -ὴ-ῇ--ῄ--ἣ-

610 2130 646 2209 C
667 2125 706 2209 A
730 2125 821 2208 PU
847 2125 887 2202 T
959 2127 977 2205 I
1001 2126 1034 2210 1.

472 2350 527 2417 Dc
561 2331 661 2417 rebus
692 2283 839 2440 lhyficis
869 2328 914 2418 ό·
945 2328 1170 2421 Methanicir.
1301 2356 1305 2363 ’

148 2561 168 2628 l.
293 2557 329 2624 le
352 2576 379 2622 tt
400 2553 515 2623 Martii
534 2553 578 2619 D.
603 2550 773 2639 varignon
794 2537 927 2637 systema
954 2537 1045 2611 suum
1075 2541 1115 2612 de
1134 2546 1290 2639 gravitate
1315 2568 1491 2642 corporum
1525 2593 1527 2597 «

299 2650 396 2744 cepit
406 2668 584 2743 exponere,
625 2641 689 2710 uod
705 2636 769 2707 hoc
782 2640 791 2704 i
816 2631 849 2720 sp
860 2660 945 2707 anno
959 2635 1079 2734 publici
1090 2641 1167 2727 juris
1180 2632 1367 2712 fabiumest.
1399 2648 1493 2719 Huic

148 2751 238 2860 operi
249 2737 437 2910 ipgtnioso,
456 2738 581 2851 siquod
597 2669 633 2808 dr
649 2731 735 2804 aliud
745 2736 780 2802 in
791 2662 855 2843 boc
869 2754 984 2843 genere
1004 2728 1214 2897 Philospphiae
1229 2731 1390 2897 nalturalis,
1405 2736 1494 2858 hunc

148 2837 465 3007 ι’ἰῗῗὲιέἓῗέιιὲἕίἑ
478 2834 668 3025 {illidi
683 2831 1494 3020 illir‘ss‘ilrllillffil'iqncliiiiirll‘ss'fa‘rffii

148 3032 252 3103 neura
265 3031 334 3126 iprd
352 3051 419 3097 non
432 3022 637 3095 abhorrentes
650 3077 661 3108 ,
674 3015 784 3114 quales
800 3040 843 3092 ere
856 3012 926 3086 sunt
939 3039 1010 3111 quat
1022 3019 1054 3085 in
1067 3014 1131 3085 hoc
1146 3017 1283 3088 traebatu
1303 3018 1446 3094 distinete
1456 3032 1492 3098 de

148 3124 291 3228 dispofitd
306 3141 542 3220 proponuntur.
1104 3210 1107 3217 Ι
1400 3150 1405 3160 -

195 3230 236 3295 ln
249 3216 438 3319 praefatione
450 3211 621 3312 systematis
636 3207 683 3281 sui
696 3210 823 3297 ldeam,
839 3215 874 3280 &
886 3203 1027 3279 formam
1042 3209 1210 3306 exprimit,
1225 3205 1318 3280 simul
1341 3218 1375 3284 δι
1391 3237 1491 3312 argu.

148 3323 244 3394 menti
257 3311 507 3393 difficultatem,
521 3331 591 3401 qua
610 3311 643 3376 in
663 3329 704 3375 eo
722 3309 859 3374 maxime
872 3297 972 3402 posita
994 3304 1039 3374 est
1059 3360 1070 3390 ,
1089 3326 1125 3377 ur
1154 3311 1237 3375 ratio
1259 3301 1410 3377 afferatur
1432 3335 1490 3380 cut

148 3438 259 3513 :orpus
272 3415 307 3482 in
327 3407 436 3480 medio
452 3409 524 3475 a'e're
536 3399 696 3499 positum,
711 3399 864 3494 quodque
879 3422 917 3466 er
935 3394 966 3467 se
978 3399 1022 3469 est
1038 3399 1077 3471 ad
1093 3421 1225 3468 omnem
1245 3421 1373 3470 motum
1389 3401 1490 3471 indif.

148 3497 437 3593 lerena‚deorsum
456 3501 562 3597 potius
582 3500 683 3589 quam
696 3488 815 3562 sursum
827 3512 1006 3561 moveatur.
1202 3561 1205 3567 ,

187 3609 245 3677 11.
271 3602 321 3674 nr
334 3601 475 3696 primum
496 3614 531 3662 ut
546 3612 631 3662 cetra
642 3586 683 3658 ab
699 3590 827 3656 incertia
838 3640 850 3670 ,
863 3581 1006 3654 roncella
1017 3582 1058 3651 ab
1075 3586 1113 3650 iis
1132 3608 1202 3675 quae
1215 3585 1309 3655 dubia
1321 3582 1412 3672 sunt,
1440 3587 1489 3660 se.

148 3715 282 3797 ἀμφι,
297 3694 376 3764 illud
390 3687 588 3760 manifestum
600 3683 754 3753 existimat
765 3677 890 3775 lignum
909 3681 942 3746 in
956 3680 1027 3747 a'e‘re
1037 3672 1216 3770 suspensum
1231 3703 1297 3748 non
1313 3677 1354 3749 ab
1378 3686 1489 3755 innato

148 3733 291 3867 'noum
301 3789 466 3885 appetitu,
485 3802 540 3853 aut
551 3778 593 3850 ab
606 3777 748 3875 ingenita
751 3771 970 3939 propensione
987 3767 1134 3841 deorsum
1150 3770 1226 3844 ferri
1240 3827 1251 3852 ,
1264 3798 1338 3844 cum
1356 3781 1491 3876 ingeniti

148 3825 191 3965 dli
213 3887 372 3988 appetitus
393 3884 426 3949 in
443 3878 533 3949 rebus
552 3876 734 3946 inanimatis
763 3891 811 3940 tnt
830 3871 968 3945 omnino
980 3870 1205 3940 commentitii.
1250 3869 1488 3948 Attradbionem

148 3988 279 4087 qunque
298 3998 430 4054 omnem
446 3981 510 4068 ‘pam
526 3964 615 4066 super
631 3972 798 4059 rejecimus
815 4021 825 4051 ,
847 3985 951 4057 neque
960 3959 1022 4031 alia
1034 3957 1127 4050 huius
1145 3961 1254 4035 mortis
1273 3965 1368 4044 causa¹
1382 3965 1491 4043 afferri

261 4093 376 4175 praeter
393 4060 650 4164 impulsionemal
669 4054 863 4132 circumfuso
874 4055 998 4142 fluido,
1019 4055 1248 4154 quodcumque
1266 4059 1344 4131 illud
1363 4060 1489 4149 stt,aur
1562 4105 1564 4108 -

148 4186 193 4252 t'e'r
213 4169 370 4252 craffiot,
385 4158 572 4246 aurarher,
587 4179 854 4251 annuumque,
873 4150 924 4223 vel
944 4147 968 4219 st
991 4147 1080 4245 quod
1102 4144 1139 4220 fir
1152 4152 1250 4241 aliud,
1266 4154 1341 4226 licet
1362 4153 1418 4226 sub
1440 4157 1489 4227 as-

236 4295 274 4339 m
287 4264 321 4334 id
334 4285 400 4337 non
420 4257 522 4328 cadat.
546 4257 628 4325 Non
646 4248 778 4328 dubium
796 4271 903 4320 tamen
916 4245 982 4334 est,
1001 4245 1082 4341 quin
1100 4242 1254 4338 ejusmodi
1269 4275 1406 4348 corpora
1419 4270 1491 4345 quat·

148 4367 254 4444 >culos
268 4360 422 4455 fugiunt,
441 4372 575 4446 magnos
590 4369 758 4446 procreent
772 4339 926 4428 effeetus,
944 4362 980 4409 ut
993 4344 1025 4411 in
1043 4361 1142 4410 vento
1154 4397 1165 4428 ,
1179 4346 1211 4411 in
1221 4343 1351 4441 pulvere
1371 4351 1489 4441 pyrio,

148 4475 347 4555 magnete
366 4460 399 4524 &
417 4453 450 4519 in
466 4448 534 4517 aliis
547 4441 691 4540 plurimis
703 4445 873 4512 cernimus.
893 4436 955 4507 Sed
971 4433 1141 4506 difficultas
1153 4441 1187 4506 in
1200 4462 1240 4507 eo
1253 4436 1352 4535 pofita
1364 4440 1432 4524 est,
1453 4466 1490 4515 ur

148 4566 222 4634 ario
240 4548 395 4625 afferatur
410 4567 465 4614 cut
486 4541 608 4638 iignum
625 4537 646 4605 it
661 4530 855 4606 circumfuso
867 4536 939 4602 a'e're
958 4531 1099 4627 undique
1124 4531 1304 4604 involutum
1329 4539 1362 4604 in
1391 4557 1489 4608 unam

148 4660 248 4728 rotius
265 4667 391 4743 partem
404 4698 414 4729 ,
428 4636 531 4735 qu'am
544 4640 580 4709 in
599 4629 693 4708 aliam
709 4628 865 4730 pellaturr
880 4626 964 4703 unde
976 4625 1138 4729 utaequalir
1152 4625 1204 4700 illa
1219 4649 1273 4700 aut
1282 4624 1398 4727 pteffio
1407 4678 1418 4712 ,
1432 4652 1488 4705 aur
1593 4699 1596 4703 ,

148 4743 439 4853 mpulstooriatutr

1169 4822 1209 4893 M
1223 4841 1258 4892 m
1291 4843 1326 4916 up
