3646 5430
285 345 354 437 ¹'2722
610 343 797 416 Recta
840 324 1303 414 ‘scrrNrtanunr
1571 421 1574 426 ,

154 443 191 512 Ἀ
202 468 225 514 u
239 469 274 524 n.
291 438 498 605 prohibeatppr
515 465 524 512 t
542 462 617 510 nam
632 443 686 509 a'e‘r
703 445 786 510 intur
798 434 963 510 conclusus
975 444 1008 508 δι
1020 432 1133 532 prellus
1147 459 1203 534 per
1215 458 1254 506 ea
1264 432 1459 507 foraminula
1471 456 1613 538 erumpere

160 544 218 612 168
243 593 252 612 .
290 563 357 607 non
400 558 453 606 ote
482 591 491 609 .

218 563 239 623 9
336 564 407 706 Vl.
441 635 504 703 Vix
521 627 601 699 ullas
621 635 758 727 aptiores
770 629 845 699 huic
856 636 901 699 rei
915 627 1057 700 valvulas
1070 629 1251 724 excogitare
1262 625 1356 713 licet,
1373 613 1474 720 quain
1495 652 1543 699 eas
1561 655 1611 724 qua

287 750 326 799 eir
351 727 475 827 papillis
497 727 641 796 constant
660 729 815 793 continuo
828 720 981 795 dudlu‘ita
1002 722 1150 794 formatis
1168 777 1179 807 ,
1195 743 1231 791 ut
1250 723 1362 790 ducem
1382 720 1448 819 ipse
1464 720 1562 795 versut
1576 730 1609 795 in.

285 829 408 893 teriora
427 819 533 890 vesrcae
555 817 666 905 sensim
681 815 863 910 decrescat,
886 830 920 893 de
940 818 1075 891 liberum
1102 816 1280 913 liquoribus
1297 816 1496 888 circumfufis
1514 821 1609 890 aditum

289 916 449 1015 praebeant
458 921 492 986 in
503 938 624 986 meatus
648 951 657 1002 ;
680 910 731 983 sed
750 910 859 985 iisdem
875 938 991 1014 negent
1011 939 1065 1010 per
1078 913 1212 985 eandem
1233 917 1320 982 viam
1344 913 1483 983 reditum
1507 966 1519 999 ,
1545 916 1609 1010 quod

290 1016 436 1107 corporis
449 1008 557 1081 vesica
570 1007 767 1080 incumbant.
800 1011 877 1080 Coli
893 1011 1031 1081 intestini
1046 1006 1172 1080 valvula
1186 1010 1219 1074 in
1239 1004 1427 1104 quibusdam
1445 1004 1570 1103 piscibus
1582 1005 1609 1080 ic

291 1105 496 1176 conformata
515 1109 680 1203 reperitur.
704 1109 748 1174 Er
764 1128 832 1196 quo
845 1108 976 1201 quidem
987 1110 1205 1202 experimento
1215 1104 1297 1173 hanc
1310 1106 1394 1171 circa
1412 1101 1434 1170 h
1459 1101 1559 1200 dropia
1570 1127 1609 1200 ge.

187 1227 190 1232 ·
291 1199 387 1271 cefim
400 1203 617 1292 conjecturam
640 1198 716 1268 fecit
732 1255 741 1284 ,
756 1198 842 1269 hunc
860 1198 1011 1270 morbum
1024 1223 1062 1269 ex
1083 1195 1191 1268 vefirae
1217 1203 1303 1292 poris
1323 1128 1458 1267 occludi
1479 1199 1609 1271 interdum

289 1297 438 1392 prodire,
463 1298 551 1391 quod
568 1319 687 1390 aquam
711 1299 745 1364 in
768 1291 940 1366 abdomine
954 1289 1088 1365 effusam
1108 1317 1175 1364 non
1191 1296 1382 1378 admittant,
1396 1316 1470 1386 quae
1487 1316 1541 1387 per
1553 1319 1610 1364 ren·

289 1391 396 1462 triculi
421 1390 622 1462 membranas
643 1394 842 1460 continenter
861 1387 1001 1461 exsudat.
1030 1395 1115 1484 Hoc¹
1129 1393 1217 1458 enim
1241 1409 1386 1487 expertus
1408 1387 1454 1456 est
1479 1392 1521 1462 D.
1539 1392 1610 1486 Merp

288 1510 408 1651 pquam
421 1485 602 1597 ventriculo
614 1482 900 1651 pnirnalisaffusam
912 1482 1355 1651 crecqsdmembranaernearus
1362 1505 1536 1595 penetrare.
1547 1490 1611 1558 Hirr

306 1605 406 1652 orrea
433 1605 479 1649 uae
492 1605 612 1652 munera
626 1604 693 1650 ese
717 1602 751 1650 ot
784 1601 851 1651 tam
867 1604 934 1651 crro
959 1602 992 1647 re
1035 1601 1143 1654 untur.

340 1705 371 1750 2.
395 1607 485 1747 liuic
498 1673 606 1746 resrcae
628 1673 677 1746 lac
694 1605 790 1773 {qrb
817 1675 893 1746 loco
919 1673 1055 1747 affusum
1069 1677 1135 1759 est,
1161 1696 1198 1746 ut
1220 1675 1296 1746 hinc
1317 1674 1455 1772 liqueret
1473 1697 1514 1748 an
1527 1675 1613 1775 liquor
1655 1762 1657 1769 Ι

287 1772 403 1845 crallus
414 1781 447 1844 dc
462 1775 587 1869 pinguis
602 1769 823 1842 membranam
836 1794 1026 1869 penetraret.
1049 1772 1086 1842 Id
1104 1769 1177 1841 sane
1192 1769 1314 1842 effluxit
1330 1828 1341 1857 ,
1365 1766 1419 1841 sed
1429 1769 1513 1844 lente
1521 1774 1613 1844 admo·

286 1868 366 1938 dum
381 1894 389 1939 r
407 1893 482 1937 narn
501 1873 584 1937 intra
600 1893 633 1936 rr
649 1867 744 1936 horas
756 1871 808 1936 vix
821 1892 892 1966 pars
903 1866 992 1937 lactis
1004 1868 1127 1937 decima
1141 1871 1238 1952 exiit,
1253 1862 1304 1936 sed
1317 1867 1429 1962 liquor
1444 1867 1615 1965 inflataque

286 1985 355 2034 erat
370 1963 532 2060 limpidus.
555 1963 652 2033 Circa
664 1961 915 2059 vesrcanifplurer
924 1983 1021 2055 guttae
1036 1958 1196 2033 crassiores
1209 1988 1250 2059 ap
1273 1961 1419 2050 arebant,
1433 1964 1616 2061 curnrtlique

286 2056 396 2128 vtsrcae
439 2081 521 2129 artes
542 2054 629 2126 [κα
647 2057 836 2127 viderentur.
869 2057 966 2128 Unde
985 2054 1119 2156 suspicio
1132 2056 1241 2154 aliqua
1252 1987 1331 2128 binc
1348 2061 1431 2129 oriri
1443 2054 1615 2157 poffitiniir

284 2085 504 2223 'tantumlocis
518 2147 738 2232 membranam
754 2147 815 2220 effe
832 2148 999 2250 pertusam.

332 2253 425 2322 vll.
462 2247 637 2340 lnterjedlis
657 2244 783 2342 aliquot
807 2245 917 2318 diebus
941 2252 988 2318 D.
1011 2245 1304 2325 Sedileauueficam
1320 2248 1448 2344 suillam
1469 2257 1504 2323 δι
1526 2275 1614 2324 truen-

286 2365 452 2442 tem-aqua
474 2341 697 2440 implevit-que
709 2346 860 2440 guttatim
871 2340 959 2413 bidui
977 2340 1080 2439 spatio
1097 2345 1248 2434 stillavit,
1266 2352 1363 2419 tertio
1387 2347 1440 2416 die
1463 2370 1614 2446 aquaque

284 2429 446 2538 supererat
463 2438 635 2526 detracta,
659 2443 731 2507 a'e're
752 2431 890 2509 veficam
910 2436 1058 2536 implevit
1106 2466 1179 2512 uem
1195 2440 1249 2512 illa
1272 2445 1415 2516 retinuit.
1439 2447 1505 2515 Vix
1528 2465 1615 2515 tantu

287 2536 476 2606 crediderim
496 2556 616 2629 aquarn
637 2528 708 2602 vale
724 2552 909 2604 contentam
929 2556 985 2631 per
1007 2463 1226 2608 membranam
1248 2533 1431 2612 transmitti·
1467 2541 1545 2610 Her
1561 2533 1615 2613 lant

283 2635 503 2727 experimenta
517 2629 658 2698 iteranda
675 2629 755 2697 mihi
775 2629 933 2700 videntur.

280 2793 286 2802 ,
334 2724 524 2820 Ingluviem
536 2745 668 2818 quoque
690 2722 776 2793 Galli
789 2723 891 2806 Indici
902 2721 1039 2821 vulgaris¹
1051 2751 1135 2823 aqua
1147 2727 1298 2827 replerit,
1312 2725 1493 2802 sederam
1502 2731 1617 2822 effluxit,

284 2816 340 2889 scu
353 2817 508 2914 ingluvies
522 2821 556 2886 in
569 2817 704 2888 naturali
718 2819 818 2904 statu,
831 2815 884 2888 seu
897 2816 1019 2889 inversa
1032 2845 1150 2917 aquarn
1162 2828 1331 2921 exciperet.

152 2946 153 2950 ¹
330 2917 453 2987 Vlll.
478 2910 559 2983 Illud
581 2935 662 3011 pene
682 2909 763 2984 mihi
778 2913 960 3000 exciderat,
974 2938 1033 2986 nec
1053 2920 1223 2988 tacendum
1235 2940 1367 3009 tamen,
1395 2919 1479 3017 quorl
1499 2944 1619 2995 arunte

137 3090 138 3095 ,
282 3032 374 3081 anno
387 3007 579 3107 superiorea
595 3013 639 3079 D.
661 3012 760 3107 Mery
773 3009 807 3077 in
829 3005 956 3106 publica
968 3009 1071 3081 domo
1088 3011 1229 3085 militurn
1245 3019 1303 3112 qui
1323 3022 1358 3088 in
1379 3015 1466 3088 bello
1480 3017 1618 3090 membris

285 3105 436 3179 malliaci
452 3099 543 3182 sunt,
566 3099 629 3173 fuit
647 3101 860 3176 observatum.
893 3109 982 3177 Nam
998 3105 1108 3177 militis
1117 3135 1161 3198 ‚7²
1179 3134 1280 3200 annos
1296 3117 1363 3199 nati
1377 3133 1494 3209 aperto
1503 3111 1620 3184 cadave-

286 3205 440 3297 re'partes
458 3223 570 3269 ornnes
583 3197 717 3270 thorace
734 3196 954 3269 &abdomine
975 3224 1142 3273 contentas
1162 3203 1222 3275 suis
1238 3205 1317 3276 locis
1340 3228 1468 3279 emotas
1489 3212 1622 3302 inuenit,

277 3300 331 3369 ira
344 3316 381 3366 ut
402 3319 465 3384 ua
486 3297 519 3363 in
537 3294 650 3363 dextro
672 3291 770 3364 latere
796 3314 901 3363 extare
920 3291 1119 3379 debuerant,
1135 3295 1292 3372 finillrum
1316 3302 1399 3374 latur
1423 3324 1622 3402 occuparent,

282 3400 321 3466 dt
340 3321 487 3463 viellsrm.
511 3387 627 3461 Cordir
645 3382 725 3458 bafis
741 3389 849 3484 medio
873 3386 949 3459 loco
970 3385 1070 3486 posita
1095 3416 1187 3482 erat,
1216 3400 1255 3468 δι’
1269 3392 1483 3470 finistrotsum
1509 3394 1623 3492 veum,

285 3511 402 3584 corpus
413 3481 517 3584 ipsum
535 3493 568 3557 δι
585 3487 705 3555 Mucro
716 3487 751 3554 in
768 3483 910 3554 dextram
926 3504 1047 3582 partem
1085 3501 1225 3568 romot'a.
1274 3498 1399 3565 Dexter
1423 3493 1512 3568 illius
1532 3490 1625 3584 linur,

279 3581 425 3657 auricula
440 3589 507 3674 ejus
528 3586 655 3673 major,
670 3603 751 3651 rena
770 3579 880 3649 itidem
895 3603 973 3649 cava
993 3580 1033 3648 ad
1052 3513 1206 3655 libistram
1222 3589 1326 3659 cordis
1349 3608 1475 3685 partem
1494 3647 1506 3676 ,
1533 3592 1627 3663 rriuor

282 3676 425 3749 auricula
439 3684 473 3748 dt
485 3699 576 3746 aorta
587 3676 627 3744 acl
642 3676 785 3746 dextram
804 3672 860 3747 fita
877 3696 978 3747 erant.
1002 3679 1057 3749 Sic
1070 3678 1262 3777 pulmonum
1285 3686 1401 3754 arteria
1421 3680 1543 3756 linistta
1564 3708 1627 3757 cut·

284 3775 332 3841 riis
351 3795 439 3868 parte
460 3767 580 3867 egrella
594 3763 791 3841 dextrorsum
803 3766 1013 3857 deflectebat,
1034 3777 1078 3844 ita
1099 3796 1135 3844 ut
1152 3780 1185 3848 tu
1202 3779 1371 3877 pulmones
1388 3801 1526 3876 quoque
1545 3776 1626 3852 snum

264 3948 265 3953 .
286 3864 464 3935 naturalem
488 3866 742 3935 commutarint:
763 3889 840 3936 nam
859 3867 967 3935 dexter
981 3871 1014 3937 in
1036 3869 1116 3940 duos
1128 3893 1254 3945 tantum
1264 3929 1276 3964 ,
1289 3871 1453 3945 finisterin
1466 3897 1532 3947 trec
1546 3874 1625 3948 lubra

283 3953 400 4027 divisus
416 3980 483 4028 erat
494 3981 606 4027 contra
627 3954 815 4031 consuetum
830 3980 950 4031 natura
962 3961 1120 4038 ordinem.
1284 3971 1288 3975 ’

282 4092 286 4103 ·
335 4052 455 4122 Eadem
468 4073 534 4123 etat
550 4047 762 4150 Oesophagi,
785 4055 954 4126 ventriculi
974 4064 1008 4128 &
1025 4061 1247 4132 intestinorum
1264 4061 1413 4140 inverlio.
1446 4066 1582 4166 Pyloros
1597 4074 1624 4149 it

285 4143 504 4247 partelinillra
521 4149 628 4235 ,unde
645 4155 679 4221 δι
696 4152 880 4236 duodenum
893 4153 1021 4223 initium
1040 4155 1196 4253 capiebat.
1237 4161 1337 4255 Jecur
1357 4162 1472 4233 itidem
1498 4167 1532 4235 in

286 4243 406 4316 sinistra
420 4238 558 4340 posrtum
571 4300 583 4332 ,
596 4242 661 4316 lien
683 4249 717 4319 in
738 4248 874 4337 dextra3
896 4270 984 4318 vena
1008 4274 1141 4352 quoquc
1160 4261 1195 4329 dc
1207 4257 1327 4328 arteria
1349 4257 1533 4332 naturalem

286 4337 382 4418 ficum
398 4359 643 4415 commutamur

882 4650 887 4655 .
916 4523 1041 4627 aaa

1437 4838 1616 4930 CAPUl
1652 4838 1655 4845 ’
