3646 5430
362 368 697 450 neruum
766 369 1104 455 nlstolltn.
1143 379 1219 460 Lrn.
1240 385 1269 460 1.
1456 409 1515 482 ιι)

136 535 138 538 ⁴
169 480 311 553 inunum
323 472 464 545 culleus
480 479 514 545 δι
527 495 607 568 pene
618 469 767 567 aqualia
802 472 865 542 Sed
877 468 985 571 pollex
997 475 1039 547 ab
1051 475 1119 546 aliis
1133 478 1239 574 digitis
1251 504 1318 551 non
1331 473 1514 579 sejungitur,
1533 482 1622 573 Just.

167 562 505 739 quiqueloccurpnffiuegua
518 564 674 666 pollicem
685 564 836 639 exbibete
845 569 950 667 potell
960 575 1009 658 ,is
1024 566 1202 644 extrorsum
1212 570 1432 678 politusdigiti
1450 586 1512 653 mi.
1531 582 1626 649 anim.
1673 643 1679 659 ,

167 692 244 744 mml
386 687 440 737 tm
475 717 485 740 Ο

215 765 388 836 struunt·
401 784 514 833 tenum
526 763 675 832 omnium
686 761 801 833 onrlos
811 764 845 831 in
860 757 890 831 se
903 766 1082 838 connum:
1105 764 1195 864 longi
1208 790 1300 841 erant
1313 779 1345 844 δι
1358 773 1415 845 lati
1461 796 1517 845 eos

166 857 352 936 involvebat
372 853 561 930 membrana
571 881 643 1023 gnte
656 856 784 957 adiposa
795 859 930 944 dieitur,
941 853 992 928 sed
1007 882 1078 954 quae
1089 883 1160 933 erar
1170 883 1206 934 ut
1218 861 1379 962 reliquum
1389 830 1518 966 co'rpus,
1628 938 1629 945 ,

165 962 255 1057 rdipe
268 955 433 1027 destituta.
462 956 553 1024 Huic
589 949 714 1045 ubjeua
736 975 805 1025 erat
823 952 886 1023 alia
905 951 1093 1027 membrana
1117 981 1187 1051 quse
1211 981 1325 1030 tenum
1338 965 1519 1061 parencby-
1620 957 1625 969 “

167 1056 245 1128 mati
260 1048 445 1122 colarebn
461 1042 535 1119 rsed
551 1048 733 1144 complures
741 1046 931 1119 renunculos
949 1045 1011 1118 suis
1031 1056 1167 1148 propriis
1184 1053 1378 1129 membranis
1401 1059 1519 1130 instru-

166 1152 239 1221 &os
252 1147 348 1216 inker
362 1144 446 1217 sacci
463 1141 661 1216 cominebat.
688 1148 737 1215 Hi
748 1148 830 1214 inter
842 1142 873 1214 se
886 1164 977 1216 erant
991 1144 1137 1217 tenuibus
1144 1143 1233 1220 libris
1245 1158 1278 1222 dt
1289 1150 1519 1225 membranulis

167 1266 210 1317 et
222 1247 337 1336 majori
353 1249 389 1315 dc
408 1245 578 1312 communi
589 1238 776 1311 membrana
789 1244 868 1310 ortis
882 1237 1018 1311 oonkrti
1032 1247 1066 1313 dc
1080 1240 1223 1341 colligati
1243 1302 1253 1332 ,
1278 1248 1376 1344 idque
1399 1246 1520 1347 potissi·

169 1342 499 1435 merminperrecaea
507 1357 633 1407 renum.
645 1338 736 1408 Nam
744 1338 779 1404 in
790 1332 888 1498 gibba
898 1338 1020 1408 nonita
1033 1339 1116 1408 inter
1130 1335 1395 1433 secolraerebnnr;
1413 1343 1518 1436 cnjus-

172 1458 238 1533 que
248 1432 412 1504 renunculi
424 1429 506 1503 baiis
519 1428 599 1501 soris
607 1427 671 1502 lara
683 1453 751 1502 erat
766 1456 775 1499 r
806 1431 846 1498 ed
858 1454 973 1501 omnes
985 1436 1071 1504 intus
1086 1435 1122 1502 in
1135 1435 1302 1529 angustum
1314 1433 1515 1529 desinebant3

174 1531 340 1647 mediocris
359 1529 506 1616 castaneae
527 1525 648 1595 molem
661 1547 698 1596 ut
710 1521 890 1624 plutimtim
902 1524 1080 1623 aequabant·
1114 1533 1236 1600 Eorum
1261 1536 1424 1629 congeries
1445 1527 1518 1605 satit

172 1618 797 1814 rprgppppguoemmepifpssapffl
811 1711 961 1787 uasorum
977 1686 1210 1816 emulgenrium
1229 1728 1421 1822 propagines
1442 1750 1517 1800 cum

171 1819 301 1884 utereris
323 1838 419 1883 ramo
436 1744 483 1882 sc
505 1809 711 1911 penetrabant
732 1866 744 1898 ,
764 1833 802 1882 nt
820 1815 935 1883 arteria
952 1813 1096 1884 modium
1113 1837 1234 1888 tenmer
1257 1817 1367 1888 locum
1392 1878 1404 1909 ‚
1431 1829 1465 1893 dr
1482 1827 1517 1892 in

167 1908 307 2002 parencb
331 1903 501 1979 nuellirsae
513 1906 594 1978 visus
602 1911 705 1977 aciem
717 1905 761 1977 ob
771 1904 944 1978 exilitatem
955 1906 1043 1978 surm
1052 1932 1133 2007 pene
1142 1908 1374 2008 effugerentrrae
1386 1917 1518 2012 quidem

168 2024 220 2095 per
234 1934 372 2101 papisias
390 2009 425 2074 in
439 2005 559 2103 pelvim
571 1999 675 2073 serum
687 1999 870 2074 effundunt.
893 2006 922 2073 L
993 2008 1037 2074 'us
1060 2008 1207 2102 provesti
1229 2010 1358 2077 ureteris
1379 2014 1463 2080 tarni
1482 2013 1519 2080 in

170 2097 322 2194 cujusque
337 2097 505 2169 renunculi
521 2097 640 2195 pelvim
654 2095 857 2170 delirubantr
883 2093 905 2166 s
984 2101 1013 2168 is
1036 2103 1215 2192 conjundlae
1238 2124 1328 2172 erant
1341 2104 1519 2175 amacura

169 2211 325 2287 tanquam
339 2194 466 2292 papillae
477 2197 582 2291 granis
596 2197 694 2264 tritici
708 2217 788 2290 pene
801 2218 827 2262 ε
852 2192 946 2263 uales.
978 2193 1121 2266 Centum
1144 2204 1178 2268 de
1201 2193 1342 2296 ampliris
1360 2197 1520 2293 ejusmodi

169 2288 293 2385 papillae
306 2294 342 2359 in
353 2312 556 2386 unoquoque
568 2311 643 2360 rene
657 2310 748 2360 erant
761 2216 949 2385 conspicue.
978 2291 1087 2360 Renes
1096 2287 1227 2365 forsitan
1240 2297 1283 2362 ira
1293 2286 1364 2362 sunt
1380 2293 1520 2365 confota

171 2389 277 2548 mari13
290 2407 327 2474 ut
338 2392 494 2548 majorerp
508 2387 747 2551 urinadpppiam
760 2403 907 2481 egerant,
923 2385 1011 2479 quod
1025 2387 1061 2453 in
1078 2389 1116 2454 iis
1133 2388 1286 2482 impedita
1298 2382 1334 2454 stt
1348 2384 1519 2486 transpira⁶

170 2498 271 2645 uois.
289 2488 587 2646 guxffipgipsreugnae
600 2503 826 2671 suntltgrtrissue
840 2597 940 2672 caprae
959 2571 1111 2670 Lybicae,
1135 2598 1168 2646 v.
1190 2569 1364 2659 Gateiles,
1390 2578 1423 2643 in
1468 2580 1519 2645 ni·

172 2663 235 2735 bus
252 2666 355 2738 multa
367 2673 447 2739 circa
457 2669 643 2740 strusturam
657 2672 796 2768 partium
817 2693 887 2743 tum
903 2674 1099 2740 exteriorum
1116 2726 1126 2755 ,
1148 2690 1219 2738 tum
1235 2671 1423 2739 interiorum
1445 2599 1521 2742 sunt

175 2758 342 2834 observata
362 2798 373 2852 3
398 2786 560 2834 mmmaut
578 2763 715 2836 alterurn
740 2789 779 2836 ex
804 2770 842 2837 iis
866 2761 1076 2863 proferemus.
1109 2765 1243 2835 Cornua
1267 2788 1344 2834 cava
1367 2788 1458 2836 erant
1479 2766 1518 2835 ad

171 2856 313 2928 mediam
324 2858 369 2932 us
383 2883 423 2930 ue
434 2883 548 2931 eorum
564 2882 687 2957 partem
700 2890 709 2933 ε
724 2859 807 2932 hanc
823 2863 993 2932 cavitatem
1011 2882 1191 2929 oracutum
1215 2855 1370 2955 implebat
1384 2884 1452 2955 quo
1464 2884 1522 2930 ca*

170 2953 227 3046 piri
246 2885 417 3040 interiebn
439 2959 608 3055 pericmnii
630 2978 721 3028 eraut
742 2954 787 3026 illi
830 2978 872 3028 ta.
906 2961 998 3028 Dura
1021 2955 1067 3025 est
1088 2963 1122 3025 bt
1138 2948 1231 3023 densa
1247 2953 1313 3023 brec
1335 2952 1521 3026 membrana

170 3045 275 3118 multo
287 3049 439 3149 sanguine
453 3046 597 3148 perfusa,
614 3054 661 3121 uri
676 3076 748 3149 pars
822 3056 959 3124 sintima
976 3073 1039 3146 que
1057 3045 1224 3148 spongiola
1235 3050 1300 3136 est,
1319 3073 1393 3118 cum
1403 3057 1521 3121 extima

169 3136 352 3240 superficies
364 3143 463 3217 solida
479 3141 517 3216 stt
526 3201 537 3233 ‚
550 3153 585 3216 δε
597 3151 691 3216 ratiis
701 3147 780 3218 striis
791 3150 825 3217 in
841 3146 976 3244 longum
990 3145 1155 3243 produdlis
1167 3139 1275 3220 ineisa.
1310 3145 1415 3214 Crura
1437 3150 1522 3215 circa

170 3237 804 3434 ..gpstpaffirsmnp
819 3238 1154 3410 ”llululrrl
1167 3235 1523 3406 flu‘al‘rsll:

169 3428 489 3516 conformamus
502 3427 637 3502 arenosis
649 3433 728 3502 locis
737 3393 867 3506 facilius
880 3432 1039 3507 incedant.
1276 3363 1298 3434 p

215 3526 428 3599 Ventriculus
445 3549 481 3599 ut
495 3534 530 3598 in
544 3527 776 3597 ruminantibus
790 3527 967 3625 multiplex.
1004 3530 1042 3596 ln
1056 3523 1212 3625 plerisque
1224 3534 1311 3616 jecur
1323 3548 1360 3594 ex
1373 3527 1523 3594 innume.

172 3626 212 3696 tit
228 3619 393 3716 glandulis
405 3621 512 3717 figura:
525 3622 718 3720 hexagona,
735 3629 769 3694 δι
782 3619 999 3721 pallidioribus
1016 3623 1222 3714 compedum
1233 3617 1406 3716 apparebat
1426 3645 1435 3686 r
1459 3620 1523 3690 sive

175 3716 208 3783 id
221 3722 267 3787 tis
280 3715 390 3787 morbi
403 3716 553 3790 eii'ecerat
568 3752 577 3806 3
595 3727 607 3810 (
630 3741 705 3786 nam
719 3720 751 3786 in
762 3743 825 3787 rma
842 3739 880 3786 ex
895 3720 930 3787 iis
946 3715 1041 3811 hepar
1065 3711 1268 3785 substantiam
1283 3712 1328 3780 sui
1347 3710 1479 3784 ssmilem
1489 3724 1524 3788 dr

180 3817 366 3884 emninuam
385 3810 507 3884 servare
518 3811 620 3885 uifirm
636 3813 681 3882 est
697 3846 711 3899 *3
731 3813 743 3898 )
770 3810 823 3883 seu
844 3810 999 3910 glandula
1026 3811 1149 3908 hepatis
1171 3805 1304 3879 densata
1322 3817 1355 3881 dt
1384 3808 1526 3884 duriores

180 3903 274 3976 fasta
308 3915 453 3981 ramam
477 3908 614 4008 figuram
646 3904 873 3982 conservarint.
911 3911 992 3982 Non
1013 3913 1100 3978 enirn
1121 3901 1159 3976 lit
1182 3900 1359 3975 verofimile
1379 3910 1526 3996 jecinoris

180 3996 384 4076 substantiam
405 4000 476 4074 casu
491 4007 632 4101 quodam
648 4060 658 4088 ,
680 4028 715 4075 ut
727 4002 763 4075 fit
777 4010 809 4074 in
821 4003 895 4075 oleo
909 4029 971 4101 prae
984 4000 1103 4101 frigore
1116 4022 1280 4084 concreto,
1293 3997 1349 4070 hus
1362 4000 1525 4100 glandulas

175 4094 464 4172 exbibuillezcum
480 4097 699 4170 omnesell'enr
719 4097 827 4196 figurae
849 4097 1020 4197 hexagona
1041 4107 1074 4170 dr
1096 4094 1276 4166 uniusmodi
1292 4099 1325 4165 in
1349 4099 1456 4167 medio
1478 4095 1524 4172 sui

174 4191 371 4291 perforata:
386 4218 478 4266 eratu
499 4196 608 4266 colore
624 4193 764 4292 pallido,
781 4196 871 4289 quod
886 4195 971 4265 forre
983 4190 1166 4282 sanguineas
1179 4189 1276 4262 libere
1291 4216 1357 4261 non
1377 4214 1526 4291 permea-

175 4310 254 4359 ret:
278 4314 353 4363 cum
371 4293 544 4384 irnetjediae
568 4311 672 4391 partes
686 4287 837 4388 sanguine
857 4287 987 4388 persusae
1006 4285 1141 4357 rubeum
1156 4285 1300 4358 colorem
1322 4310 1385 4385 prae
1409 4281 1524 4357 sefer.

177 4407 260 4459 rent.

213 4485 296 4579 Jam
315 4505 408 4554 antra
420 4503 507 4551 anno
519 4473 639 4551 scilicet
653 4493 739 4568 1670
752 4483 803 4552 die
817 4482 1133 4581 undecimaJ'anuarii
1149 4502 1223 4550 cum
1238 4477 1395 4548 acerrimo
1404 4474 1525 4574 frigore

177 4580 295 4648 amsla
320 4581 461 4676 rigerent
482 4631 492 4661 ,
529 4574 608 4647 Pelis
639 4582 752 4672 pardus
777 4576 920 4649 dilium
951 4576 1055 4648 fuerat
1090 4599 1128 4647 et
1161 4572 1272 4644 Africa
1297 4568 1408 4641 allatus
1432 4630 1442 4660 ,
1467 4574 1524 4646 feli

176 4696 232 4772 per
254 4676 368 4745 omnia
387 4672 524 4745 similis:
551 4697 611 4742 nec
624 4673 709 4746 aliud
723 4700 760 4746 ex
780 4678 847 4746 Leo
890 4675 948 4746 rdu
963 4695 1018 4744 att
1043 4672 1199 4744 Panthera
1223 4662 1281 4738 nist
1301 4664 1444 4738 colorem
1465 4692 1526 4738 ex·

176 4767 316 4867 preffum
330 4767 480 4845 habebat.
516 4768 601 4843 Illud
618 4790 725 4846 tatttrn
744 4795 811 4843 non
830 4796 848 4841 a
871 4768 980 4844 horret
1001 4768 1018 4839 i
1034 4765 1201 4843 verisimili
1222 4818 1233 4851 ,
1257 4758 1391 4946 erfetis
1413 4759 1525 4838 diverll

1346 4883 1368 4953 ¹1
