3646 5430
431 373 754 454 ACADEMIAE
789 381 1092 458 HISTORIA.
1129 387 1245 463 amr.
1472 419 1523 469 rrr
1603 473 1605 476 ,

180 479 273 575 'atquc
280 471 443 548 interdum
456 477 590 548 duarum
604 478 755 549 horarum
769 474 871 576 spatio
887 481 1028 553 tumidus
1040 503 1114 554 roto
1129 481 1283 580 perstabat
1293 485 1522 586 corpore3bra·
1541 488 1625 576 lusi.

179 574 244 644 chia
256 577 360 644 etiam
375 578 410 643 dt
427 597 539 660 cruta,
553 578 622 644 imo
634 581 668 646 dt
684 575 782 644 cauda
792 573 901 647 inflata
910 598 952 671 ap
976 575 1106 651 arebant
1121 607 1130 650 :
1144 601 1218 648 cum
1232 578 1441 660 detumuerat,
1454 584 1522 656 stri.
1541 586 1655 655 Anrm.

177 666 252 767 goso
268 668 450 738 admodum
468 677 501 736 dt
520 693 559 739 an
584 670 732 740 ulloerat
753 692 901 769 corpore.
972 695 1067 742 umor
1092 675 1146 745 illc
1169 697 1236 744 non
1255 699 1293 744 ex
1309 682 1381 748 a'e're
1399 701 1455 776 per
1473 678 1524 751 as·

298 767 451 832 arteriam
468 768 501 833 in
516 693 683 861 pulnones
694 785 767 836 toro
777 787 914 864 corpore
926 761 1059 836 diffusos
1071 762 1224 840 subeunte
1239 770 1399 842 oriebatur
1409 828 1419 859 ‚
1430 780 1525 846 urvi-

176 788 297 930 ffi
311 856 540 956 Theophrasto
554 885 563 928 ε
577 884 653 929 nam
667 863 720 930 a‘c‘r
732 884 787 958 pet
800 858 962 930 tracheam
982 858 1116 934 intrusus
1132 862 1255 960 amplas
1272 870 1423 936 cavitates
1437 872 1522 939 cirea

176 953 288 1026 viscera
298 953 424 1025 relictas
437 962 470 1026 δι
487 951 689 1025 membranas
711 955 953 1047 circumjedas,
976 978 1051 1025 cum
1069 959 1164 1030 variis
1189 957 1414 1056 appendicibus
1435 959 1524 1056 quast

175 1051 311 1121 totidem
326 1050 454 1146 cyprini
491 1045 562 1120 iscis
578 1043 720 1119 veficulis
733 1047 872 1120 caribdis
888 1046 1043 1147 implebat
1061 1107 1073 1138 ,
1088 1075 1160 1147 quae
1178 1050 1371 1126 membrana:
1387 1050 1442 1125 sub
1458 1054 1523 1126 ob·

174 1165 282 1216 rutum
295 1167 364 1216 non
381 1075 577 1230 veniebant,
592 1162 766 1239 antequam
779 1147 851 1214 a’e're
865 1139 1016 1214 subeunte
1028 1144 1224 1221 inflarentur.
1636 1227 1640 1232 ,

215 1246 251 1312 V
262 1244 317 1317 11.
342 1235 432 1311 Pellis
451 1242 626 1311 innumeris
644 1238 784 1334 granulis
798 1236 899 1332 iisque
913 1238 1079 1336 perpolitis
1094 1241 1239 1314 distinata
1251 1265 1341 1334 erat3
1369 1269 1428 1316 uec
1449 1272 1523 1320 rnu-

175 1357 265 1423 tatus
276 1334 319 1405 cll
335 1332 424 1405 color
437 1332 493 1404 nisr
507 1346 639 1425 mun
650 1332 790 1403 animali.
834 1335 920 1404 com
934 1337 968 1403 in
980 1333 1094 1406 umbra
1108 1333 1309 1435 quiescebat,
1324 1344 1451 1411 cinereo
1464 1367 1522 1412 co.

177 1430 249 1501 lore
265 1431 304 1500 ad
320 1429 490 1502 ceruleum
505 1451 657 1525 vergente
673 1427 806 1524 granula
820 1427 964 1498 distincta
978 1429 1166 1502 videbantur
1187 1458 1196 1502 t
1215 1429 1266 1504 sed
1291 1438 1454 1527 interjesta
1468 1442 1522 1506 in-

177 1524 309 1601 tervalla
322 1521 587 1613 substanttam,
605 1546 660 1594 aut
683 1520 859 1609 subrubra3
885 1526 1028 1592 cinereus
1043 1524 1104 1595 ille
1130 1525 1221 1597 color
1245 1550 1317 1604 toto
1342 1526 1428 1601 fusus
1449 1557 1522 1602 cot·

178 1645 255 1715 pore
266 1623 299 1689 in
316 1619 391 1690 luce
412 1619 514 1718 pofito
528 1624 561 1689 in
575 1613 700 1689 fuscum
716 1613 937 1713 degenerabat.
964 1623 1055 1782 Qpin
1071 1627 1106 1691 δι
1123 1644 1225 1718 partes
1248 1647 1316 1694 non
1337 1623 1522 1715 illustratae,

174 1742 211 1786 ac
224 1713 411 1814 complures
423 1714 551 1785 maculat
565 1713 677 1784 colore
693 1708 793 1782 rubeo
811 1711 960 1784 dilutiore
975 1711 1009 1809 sp
1022 1715 1142 1787 endidae
1155 1717 1373 1813 apparebant,
1396 1744 1435 1788 ac
1448 1715 1523 1789 sub.

173 1812 241 1880 inde
263 1833 383 1908 magna
407 1808 554 1880 colorum
576 1812 710 1877 varietas
735 1810 768 1875 in
782 1805 865 1904 pelle
879 1804 946 1876 sere
960 1831 995 1879 ut
1014 1814 1047 1880 in
1063 1834 1170 1904 panno
1184 1817 1277 1882 variis
1290 1808 1451 1884 coloribus
1476 1815 1525 1882 di·

173 1904 289 1976 llindo
311 1898 521 1975 cernebatur:
545 1901 595 1974 sed
610 1907 703 1973 certis
722 1923 848 1972 rantum
863 1906 896 1972 in
910 1899 989 1975 locis
1007 1904 1149 1975 mutabat
1161 1905 1317 1980 colorem.
1343 1910 1459 1978 Linreo
1472 1911 1526 1976 in-

174 1999 301 2071 volutus
315 2001 387 2096 post
401 2001 466 2070 duo
488 2021 543 2069 aut
561 2003 620 2068 tria
642 2001 767 2068 minuta
782 2000 914 2069 eductus
936 1999 1058 2096 pallido
1077 1997 1186 2069 colore
1208 2004 1327 2072 rinctus
1350 2006 1522 2099 apparuit:

135 2160 138 2176 .
173 2092 286 2166 verrlm
300 2098 334 2165 id
348 2091 443 2165 semel
458 2091 586 2166 tanttlm
599 2097 705 2163 evenit
717 2149 729 2179 ,
741 2089 794 2163 ttfi
810 2090 919 2192 saepius
933 2095 973 2166 ‘id
994 2092 1127 2192 erpetiri
1144 2091 1261 2191 placuit
1285 2121 1294 2166 t
1316 2119 1424 2192 neque
1445 2094 1526 2168 alios

174 2188 295 2261 colores
308 2191 437 2276 induit,
450 2189 525 2261 licet
539 2192 633 2259 variis
650 2186 741 2260 rebus
754 2187 905 2260 coloratis
923 2191 1146 2261 admoveretur
1156 2245 1167 2277 ,
1189 2213 1227 2259 ac
1241 2188 1309 2265 fieri
1332 2192 1433 2290 potest
1455 2248 1467 2280 ,
1489 2218 1524 2267 ut

175 2282 325 2380 pallidum
336 2283 482 2355 colorem
496 2309 534 2354 cx
553 2283 653 2354 linteo
671 2277 888 2380 frigidiusctrlo
908 2294 1111 2356 contraxerit·

203 2386 297 2456 Vlll.
324 2374 469 2454 Difficile
481 2380 567 2453 dislu
579 2380 622 2448 est
635 2379 717 2450 unde
736 2376 803 2447 haec
821 2375 967 2447 colorum
978 2401 1044 2449 ram
1057 2377 1156 2448 subita
1168 2384 1305 2452 mutatio
1319 2385 1447 2457 oriatur.
1472 2389 1525 2457 An

172 2472 256 2547 sorte
274 2501 315 2548 ex
331 2474 507 2546 humorum
528 2469 699 2545 suffufione
710 2530 721 2561 ,
741 2494 777 2541 ur
801 2469 902 2541 visum
920 2472 964 2541 est
991 2476 1116 2542 Senecae
1140 2491 1151 2544 t
1176 2480 1228 2541 An
1243 2498 1281 2542 ex
1296 2482 1381 2544 varia
1395 2478 1525 2550 luminis

175 2567 374 2656 reflexione,
388 2590 425 2639 ut
440 2571 543 2668 placet
567 2568 679 2640 Soliuo
703 2588 714 2641 t
748 2570 799 2637 An
821 2565 930 2665 porids
952 2591 991 2639 ex
1010 2571 1151 2661 partium
1174 2564 1428 2665 configuratione
1450 2626 1461 2650 ,
1489 2598 1525 2645 ut

176 2669 371 2737 recentiores
383 2669 547 2761 opinantur
567 2694 576 2737 t
598 2689 635 2734 ac
653 2664 738 2736 forte
752 2686 864 2733 omnes
879 2661 939 2731 illae
954 2657 1050 2732 causae
1069 2664 1136 2731 una
1152 2676 1358 2734 concurrunt.
1382 2668 1471 2734 Nam
1486 2668 1525 2737 il.

175 2758 205 2828 la
225 2757 376 2831 colorum
388 2765 520 2831 mutatio
534 2786 599 2833 non
621 2782 689 2830 tarn
711 2765 745 2830 in
767 2758 848 2856 pelle
862 2781 932 2852 quae
949 2754 1080 2828 solidior
1093 2762 1257 2844 cernitur,
1280 2758 1384 2921 epulam
1406 2763 1438 2829 in
1451 2787 1525 2858 gra·

172 2859 216 2923 nis
228 2853 313 2923 inest
324 2855 515 2953 prominulis
531 2913 541 2943 ,
559 2880 630 2951 quac
648 2879 684 2924 ex
699 2851 853 2950 pelliculis
866 2855 1011 2924 constant
1026 2853 1201 2923 admodum
1217 2851 1288 2922 erili
1314 2877 1349 2924 us
1363 2910 1374 2941 ,
1389 2879 1525 2954 quaeque

170 2946 266 3020 facile
286 2945 472 3046 separantur
490 2976 499 3021 ε
526 2954 607 3021 adeo
621 2974 659 3035 ¹ut
672 2950 744 3020 bilia
759 2973 822 3045 que
834 2951 868 3015 in
892 2945 957 3018 hoc
974 2945 1168 3018 animalculo
1184 2945 1310 3017 uberior
1323 2948 1385 3035 est,
1400 2973 1454 3022 aut
1468 2949 1524 3022 alii

168 3041 320 3114 'humores
337 3042 406 3113 fere
420 3067 457 3115 ut
472 3049 506 3114 in
520 3044 611 3115 nobis
624 3052 731 3116 evenit
744 3101 755 3132 ‚
769 3067 843 3113 cum
857 3044 922 3128 ira,
947 3065 1003 3113 aut
1021 3064 1122 3113 merus
1136 3099 1146 3129 ,
1162 3064 1217 3111 aut
1237 3042 1304 3111 aliae
1321 3048 1421 3114 animi
1447 3070 1520 3144 per.

169 3138 366 3209 turbationes
378 3142 577 3227 exorantur,
602 3140 744 3210 colorem
758 3158 882 3209 mutare
894 3135 1023 3303 possint.
1053 3140 1107 3206 Sic
1120 3135 1192 3206 bilis
1211 3135 1295 3208 flava
1315 3161 1390 3208 cum
1414 3147 1523 3213 nativo

166 3233 278 3305 colore
299 3238 387 3304 cutis
406 3237 534 3305 cinereo
558 3259 612 3306 aut
630 3235 765 3305 caeruleo
783 3232 873 3302 mista
909 3231 1086 3302 ubviridcm
1110 3227 1188 3330 saepe
1209 3231 1353 3304 colorem
1381 3237 1521 3326 inducit,

168 3351 217 3398 aut
239 3327 350 3427 plures
366 3353 542 3426 granorum
563 3329 851 3429 pellicule,eaequc
867 3327 1030 3425 pellucidae
1051 3326 1156 3395 radios
1183 3324 1311 3398 luminis
1339 3326 1382 3397 iic
1404 3328 1524 3399 infrin-

165 3440 264 3518 gunt,
280 3429 365 3494 utin
382 3429 491 3495 varios
504 3427 626 3497 colores
640 3427 829 3522 degenerent
852 3477 861 3501 ,
890 3445 925 3493 nt
947 3427 980 3492 in
996 3421 1100 3517 lapide
1123 3416 1275 3516 speculari
1298 3478 1309 3509 ‚
1331 3431 1364 3494 dt
1387 3428 1420 3491 in
1450 3424 1522 3519 ple.

167 3512 269 3614 risque
285 3517 481 3616 corporibus
493 3525 659 3592 ceruimus.
704 3518 795 3595 Pellis
811 3518 987 3587 admodum
1004 3512 1124 3585 subtilis
1144 3513 1217 3598 est,
1249 3523 1282 3586 dt
1305 3514 1448 3585 colorem
1473 3517 1524 3588 fa'·

169 3613 224 3681 cile
238 3634 365 3698 mutat,
387 3618 474 3687 utl'.
492 3616 522 3687 le
542 3620 663 3688 Comte
680 3620 712 3685 in
728 3610 868 3709 Epistola
890 3612 929 3679 ad
944 3606 1061 3680 lllustr.
1089 3604 1249 3678 Abbatem
1272 3603 1403 3693 scribit,
1429 3634 1522 3706 penes

170 3702 306 3780 diversos
325 3703 462 3780 affictus
474 3716 577 3780 varios
596 3711 698 3780 induit
721 3706 858 3777 colores.
886 3703 1130 3799 smaragdinum
1147 3700 1291 3771 colorem
1316 3726 1378 3801 prae
1405 3701 1435 3774 se
1458 3703 1523 3777 sert

171 3802 207 3868 in
220 3799 351 3890 letitia,
366 3827 465 3874 aureo
479 3804 588 3874 colore
601 3807 728 3876 millum
743 3839 752 3893 3
773 3826 847 3871 cum
862 3799 1005 3870 irascitur
1018 3797 1147 3867 lividior
1159 3797 1215 3884 est,
1227 3800 1260 3867 in
1275 3821 1364 3870 meru
1376 3797 1523 3894 pallidus.

166 3897 306 4058 {negetipr
315 3902 396 3968 varii
406 3897 530 4060 polores
541 3899 605 3970 una
618 3901 757 3998 permisti
771 3921 845 3969 cum
859 3893 973 3967 umbra
986 3901 1019 3966 ὅ(
1035 3894 1157 3968 lumine
1175 3913 1301 3991 gratum
1321 3893 1423 3966 oculis
1443 3923 1523 3995 prat·

238 4012 253 4058 t
372 4015 410 4072 tu
426 4017 495 4065 um.
1147 4051 1154 4063 .

202 4089 271 4156 IX.
283 3993 478 4159 pslacstlorum
494 4097 527 4162 dt
540 4088 654 4186 linguae
670 4090 821 4159 urrann
833 4092 968 4158 omnino
979 4085 1022 4155 est
1033 4081 1196 4181 fingularis
1205 4121 1215 4176 ;
1227 4088 1313 4159 oculi
1324 4088 1425 4185 ampli
1440 4083 1525 4179 sunt,

166 4174 416 4276 globofi,txtra
429 4188 604 4280 prominuli
625 4245 636 4275 ‚
662 4208 749 4283 parte
774 4179 819 4251 sui
838 4189 995 4252 anteriore
1009 4184 1064 4249 uui
1107 4180 1244 4277 alpebrae
1263 4180 1475 4255 adhaertscunt
1490 4189 1524 4258 in

168 4276 277 4344 medio
293 4271 463 4370 perforatae
484 4336 495 4366 ‚
528 4306 592 4376 qua
618 4279 736 4381 pupilla
750 4275 944 4374 conspicitur
958 4207 1118 4367 splendrsa
1145 4283 1178 4348 dc
1197 4301 1296 4348 aureo
1312 4276 1434 4348 circulo
1457 4285 1520 4350 cir.

167 4370 315 4441 unna.
346 4370 502 4468 Palpebra
526 4377 592 4446 una
614 4403 688 4446 eum
710 4373 807 4443 oculo
833 4398 900 4443 non
923 4366 1043 4442 sursum
1063 4368 1262 4445 &deorsum
1289 4395 1459 4462 movetur,
1486 4399 1521 4447 ut

169 4467 198 4532 in
215 4463 287 4536 aliis
299 4466 527 4543 animantibus.
559 4474 659 4571 Qrod
683 4477 761 4539 vero
778 4468 854 4538 huic
870 4461 998 4538 animali
1019 4469 1184 4565 proprium
1207 4470 1251 4541 est
1276 4527 1287 4557 ,
1307 4469 1385 4540 alter
1401 4468 1517 4555 oculo·

170 4581 404 4630 summovetur
420 4561 522 4635 altero
543 4571 683 4637 immoto
708 4600 717 4655 ·,
743 4589 822 4634 unus
843 4560 961 4633 sursum
985 4561 1114 4649 fertur,
1134 4562 1212 4635 alter
1236 4560 1382 4635 deorsum
1405 4595 1414 4649 ;
1438 4587 1518 4634 unus

170 4652 373 4743 antrorsum,
394 4679 469 4727 curn
482 4660 561 4732 alter
579 4660 750 4733 retrorsum
776 4658 961 4733 inflectitur.
987 4663 1140 4730 Foramen
1164 4662 1243 4732 verb
1259 4654 1414 4756 palpebra
1438 4681 1517 4727 con·

171 4748 320 4844 trabitur,
334 4751 414 4824 dum
432 4753 632 4831 transversim
649 4757 794 4829 dilatatur
814 4756 907 4828 instat
928 4760 1016 4827 rimae
1033 4781 1042 4828 t
1060 4762 1103 4828 ira
1122 4776 1158 4826 ut
1180 4780 1249 4853 pars
1269 4747 1414 4850 suprema
1441 4777 1515 4826 curn

1330 4850 1395 4944 Q
