3646 5430
298 381 629 458 Actutum
700 379 1038 458 HISTORIA.
1062 381 1210 460 [tulli.
1408 413 1469 489 575

96 487 131 553 in
144 478 228 578 aquil
240 480 309 580 ipsi
321 480 464 553 ardeant.
497 482 589 576 Quin
601 482 699 550 etiam
713 475 783 551 fieri
796 478 875 552 illud
889 479 992 577 potest
1008 534 1020 565 ,
1044 500 1079 552 ut
1092 506 1164 579 pars
1176 478 1349 582 srdpbureae
1360 508 1466 561 mare.
1479 483 1574 591 bea

97 584 150 650 riae
168 637 177 666 ,
198 583 230 649 in
246 601 421 672 aquarum
450 578 657 647 detonatione
670 577 811 671 quadam
836 581 1038 673 extinguatur
1061 577 1155 649 instar
1177 575 1254 653 serti
1275 585 1439 658 candentia
1453 641 1466 678 ,
1478 589 1574 678 rara.

93 677 175 746 dum
186 700 278 770 aquae
291 678 493 769 immergitur
509 727 520 761 ,
544 696 615 769 pars
626 669 725 743 altera
736 669 881 744 subtilior
892 676 927 742 in
944 668 1113 745 flammam
1131 671 1234 750 abeat.

147 778 191 844 V.
215 777 297 842 Haec
316 769 447 867 quidem
463 773 509 842 D.
526 772 663 865 Lemery
686 767 851 839 luculento
870 773 1093 865 experimento
1115 793 1227 843 coram
1245 771 1464 851 illustricon.

95 863 401 940 seisuconhrmavit.
433 864 506 937 Vasr
527 866 599 935 satis
620 862 758 964 amplo,
777 867 830 937 cui
849 861 1142 938 collumreseuum
1156 865 1281 956 suerat,
1315 891 1379 945 tres
1400 897 1465 945 un.

96 970 162 1035 cias
185 968 302 1061 optimi
316 959 440 1059 spiritus
455 961 578 1032 vittioli
591 1017 602 1049 ,
615 969 649 1036 de
668 985 704 1033 ιι
733 965 846 1033 uncias
870 984 965 1058 aque
987 967 1171 1034 communis
1195 964 1313 1038 affudit
1339 994 1350 1041 t
1374 969 1464 1069 poll.

96 1084 197 1156 quam
216 1060 285 1130 haec
302 1059 432 1130 mistura
453 1082 570 1155 patum
589 1053 856 1151 incaluit,sesqui
869 1062 999 1130 unciam
1014 1055 1168 1130 limannae
1181 1057 1257 1132 ferti
1268 1066 1391 1137 iteratis
1411 1070 1466 1140 vi.

95 1156 186 1228 cibus
202 1162 236 1227 in
252 1183 308 1228 vas
323 1158 461 1242 conjecit
473 1211 484 1242 ,
498 1155 605 1224 statim
614 1176 749 1251 vapores
767 1149 833 1222 albi
845 1150 960 1226 sublati
972 1153 1043 1226 sunt
1053 1209 1065 1240 ,
1076 1151 1194 1251 quibus
1206 1155 1297 1230 filum
1308 1184 1465 1252 ceratum,

96 1260 131 1323 δι
148 1251 318 1325 accensum
333 1251 503 1322 admotum
516 1250 561 1321 est
577 1273 679 1347 prope
694 1252 834 1320 mattarii
855 1246 1032 1338 orificium,
1047 1272 1184 1348 tumque
1196 1278 1316 1351 vapore
1329 1257 1466 1331 accenso

96 1346 283 1421 fulminatio
298 1372 373 1420 cum
389 1346 520 1444 strepitu
536 1367 628 1432 orta,
650 1345 753 1440 elque
766 1346 884 1434 audii,
912 1344 968 1414 ubi
988 1344 1080 1417 silom
1098 1345 1267 1420 accensum
1290 1353 1465 1425 identidem

95 1444 359 1611 qdmovebatuu
389 1466 428 1514 ac
452 1438 583 1514 subinde
606 1444 795 1513 matratium
816 1439 949 1514 flammi
972 1446 1058 1515 intus
1079 1439 1271 1518 discurrente
1293 1447 1467 1550 impletum

116 1566 173 1615 ur.

149 1564 193 1708 ln
209 1638 273 1710 hoc
287 1638 418 1736 quidem
433 1637 654 1733 experimento
668 1632 813 1729 quaedam
828 1631 900 1705 sunt
920 1632 1114 1708 observanda
1126 1660 1135 1707 r
1148 1637 1293 1733 primrlm
1302 1637 1468 1715 ebullitio.

96 1758 172 1806 nem
186 1734 275 1805 illam
285 1761 323 1806 ex
337 1730 541 1805 dissolutione
554 1727 631 1798 fetri
645 1754 701 1829 per
717 1726 862 1826 spiritum
874 1733 995 1802 virrioli
1006 1754 1112 1803 otram
1127 1787 1139 1818 ,
1154 1729 1204 1803 sed
1217 1732 1361 1831 spiritum
1370 1736 1465 1812 illum

97 1832 182 1924 aqud
211 1830 349 1905 dilutum
373 1831 520 1927 oportuit
541 1850 551 1896 ε
571 1820 659 1896 secus
687 1830 775 1897 enirn
801 1833 867 1917 ejus
894 1825 1015 1924 spicula
1055 1825 1211 1898 limaturae
1240 1828 1316 1902 fetri
1347 1835 1466 1909 arelius

94 1925 290 2099 contegeret
312 1923 412 1998 libere
436 1943 568 1994 movere
591 1914 622 1991 se
639 1946 708 2017 non
728 1918 903 2021 potuissent
928 1977 940 2012 ,
970 1946 1076 2021 neque
1093 1920 1159 1993 ulla
1185 1921 1272 1996 fasta
1296 1925 1373 2001 effer
1399 1926 1465 2001 ful·

96 2047 165 2094 mm
237 2076 246 2094 .

149 2148 180 2193 2.
212 2120 338 2191 Deinde
352 2119 461 2215 liquor
477 2112 542 2215 ipse
555 2114 667 2187 debuit
678 2111 889 2196 incalescere,
907 2114 977 2212 qud
997 2113 1194 2190 dissolventis
1215 2119 1317 2192 aculei
1342 2121 1466 2200 ferrum

97 2238 321 2310 penetrarent:
335 2214 388 2285 sed
401 2213 580 2286 cavendum
597 2212 660 2283 fuit
673 2268 683 2297 ,
696 2233 737 2281 ne
751 2210 840 2282 calor
855 2215 973 2283 nimius
986 2211 1063 2284 ell'et
1077 2266 1088 2298 ,
1107 2213 1233 2309 alioqui
1247 2216 1377 2289 admota
1390 2245 1467 2295 can.

96 2310 168 2379 deld
183 2367 192 2394 ,
207 2315 241 2378 in
255 2310 345 2381 collo
356 2309 586 2383 tantummodo
597 2308 740 2378 mattarii
753 2304 886 2376 flamma
924 2303 1064 2377 rodiiss'et
1072 2310 1186 2391 citrum
1199 2308 1298 2380 ullam
1312 2313 1466 2388 fulmina·

97 2409 248 2493 tionem:
272 2429 348 2475 nam
369 2405 429 2474 llte
455 2408 514 2473 'ros
526 2424 564 2472 er
578 2406 718 2472 materie
730 2397 864 2471 accenso
883 2334 1032 2498 shlphore
1048 2406 1083 2471 in
1105 2425 1195 2497 parte
1211 2404 1278 2475 imd
1291 2406 1372 2479 vaiir
1394 2418 1476 2482 ori-

96 2520 182 2663 qur,
211 2500 268 2573 ubi
294 2525 379 2598 aqua
404 2526 426 2570 o
450 2499 509 2569 liat
531 2502 707 2594 quominus
726 2491 848 2567 sursum
869 2491 1020 2568 efferatur
1043 2553 1055 2585 ,
1079 2504 1115 2570 dc
1144 2494 1186 2569 ab
1219 2497 1341 2575 ea·sese
1366 2530 1465 2607 expe-

120 2620 179 2669 tat.
998 2640 1002 2648 ι

148 2721 176 2784 3.
210 2694 312 2792 Quod
334 2690 462 2790 sulphur
482 2696 517 2764 in
530 2712 664 2788 vapores
686 2685 810 2777 abeat,
833 2696 868 2762 dt
896 2687 1140 2781 inflammetur,
1162 2693 1195 2763 id
1219 2691 1375 2770 limaturae
1395 2702 1464 2778 fer-

96 2791 125 2856 ti
150 2789 355 2863 tribuendum
371 2791 414 2861 ell
440 2815 450 2861 t
477 2812 553 2859 nam
573 2783 594 2857 s
610 2789 698 2856 iritus
714 2785 836 2857 vittioli
856 2840 868 2872 ,
888 2793 923 2858 dt
949 2811 1035 2884 aqua
1063 2788 1144 2860 nihil
1163 2794 1196 2858 in
1220 2786 1251 2860 se
1271 2789 1390 2871 habent
1412 2806 1466 2873 in.

94 2880 292 2959 flammabile
314 2944 324 2976 ‚
350 2888 401 2959 sed
430 2883 553 2955 fertum
575 2812 715 2952 abundat
742 2879 925 2977 sulphure,
954 2886 1043 2979 quod
1070 2884 1264 2957 rarefactum
1285 2896 1320 2959 dc
1348 2895 1468 2968 evolu.

96 3003 169 3050 tom
191 3010 245 3081 per
263 2985 433 3057 atramenti
450 3036 463 3070 ,
487 2975 541 3050 seu
556 2975 678 3049 vitrioli
691 2972 838 3075 spiritum
852 2981 887 3048 in
911 3003 1067 3078 vaporem
1084 2979 1182 3052 facile
1200 2979 1467 3063 inflammabilern

96 3078 275 3154 exhalatur.

150 3207 186 3268 4.
221 3182 359 3275 Spiritus
373 3170 464 3265 salit,
480 3173 679 3275 sulphuris&
692 3170 860 3262 aluminis,
870 3172 1009 3245 eundern
1019 3170 1202 3272 producunt
1210 3172 1385 3266 effeolum,
1400 3205 1469 3254 non

108 3297 139 3344 te
381 3300 416 3343 rr.

94 3304 106 3346 ι
141 3274 388 3446 {aestpelrrssspgtc
404 3372 550 3469 operatio
563 3391 630 3436 non
642 3388 770 3435 tantum
783 3364 826 3433 ell
839 3357 994 3449 lucifera,
1013 3362 1063 3433 sed
1080 3367 1179 3435 etiam
1195 3364 1357 3457 lucrifera,
1367 3395 1403 3442 ut
1414 3374 1467 3444 lo.
1578 3445 1582 3453 ¹

93 3474 206 3562 quitur
220 3465 423 3537 Verulamius
438 3490 447 3535 t
464 3489 541 3534 nam
551 3485 589 3530 ex
603 3483 653 3543 ea,
667 3482 737 3551 quae
752 3462 784 3524 in
794 3455 866 3527 vase
879 3455 989 3527 residet
1002 3457 1135 3527 matetil
1153 3479 1282 3551 paratur
1298 3467 1467 3542 vitriolum

98 3567 217 3635 Martis
229 3585 270 3630 eo
283 3564 414 3654 quidem
435 3559 536 3638 modo
560 3579 629 3650 quo
660 3559 705 3625 D.
724 3555 864 3648 Lemerp
886 3555 920 3620 in
938 3550 992 3620 sut
1007 3551 1221 3622 dissertatione
1234 3553 1378 3650 exposuit
1392 3589 1401 3632 ε
1415 3559 1468 3635 sed

93 3683 169 3730 eam
188 3661 370 3727 omittimus
390 3655 653 3752 preparationem
672 3703 684 3736 ,
700 3672 740 3719 ne
762 3646 925 3746 longiores
948 3642 1056 3734 fimus,
1069 3670 1173 3744 eaque
1187 3651 1287 3721 videti
1311 3659 1415 3749 potest
1432 3663 1467 3733 in

95 3781 195 3854 opere
205 3761 272 3848 ejus
286 3750 463 3848 Chymico.

145 3858 212 3924 Vl,
253 3851 318 3918 Die
340 3875 386 3933 24
403 3845 523 3945 Aprilis
544 3845 591 3913 D.
606 3841 715 3916 Butlet
733 3843 881 3913 Medicus
902 3838 1077 3916 Parilienfis
1101 3847 1136 3913 dr
1158 3866 1197 3913 et
1215 3842 1322 3940 Regu
1340 3848 1470 3921 Acade.

96 3952 164 4022 mii
179 3944 426 4019 dissertationem
441 3968 507 4013 non
526 3944 633 4012 minus
645 3939 758 4011 utilem
771 3962 872 4032 quam
884 3940 1042 4009 eruditam
1061 3938 1103 4009 de
1127 3937 1183 4010 usu
1206 3963 1297 4035 aquae
1316 3944 1412 4018 calcis
1432 3950 1467 4017 in

96 4041 263 4120 Medicina
278 4039 426 4140 escripto
441 4041 607 4125 recitavit,
633 4060 704 4135 quae
724 4035 764 4104 ad
779 4032 947 4131 Phylicam
959 4042 1047 4128 juxta
1065 4043 1100 4108 δι
1121 4035 1299 4134 Chymiatn
1321 4046 1467 4113 revocati

121 4143 213 4215 otest.
902 4174 906 4183 ·

86 4171 118 4301 -Ρ
151 4237 279 4310 Solutio
293 4235 388 4309 calcis
401 4257 476 4304 eum
488 4233 571 4331 ignis
584 4227 748 4326 particulis
764 4225 802 4299 lit
818 4223 898 4298 soeta
915 4283 926 4315 ,
956 4229 1040 4300 inter
1064 4228 1202 4301 remedia
1216 4233 1323 4326 tapiea
1340 4288 1350 4319 ,
1369 4242 1404 4307 dt
1427 4259 1465 4310 ea

95 4340 237 4411 maxime
255 4357 327 4429 quae
344 4327 502 4404 exsiccant
518 4332 556 4402 ’δι
571 4321 765 4398 consumunt
778 4345 853 4395 ante
867 4322 952 4395 hanc
963 4348 1090 4397 aetatem
1105 4323 1171 4397 fuit
1196 4325 1378 4419 celebrata,
1396 4356 1465 4405 non

91 4439 179 4507 inter
191 4456 228 4503 ea
244 4453 315 4524 quae
332 4450 388 4498 ore
402 4431 487 4496 intus
501 4423 676 4495 sumuntur·
707 4422 768 4493 Sed
778 4422 904 4517 aliquot
918 4418 1039 4493 abhinc
1049 4420 1336 4514 annisususejutin
1354 4432 1464 4524 regio·

91 4530 190 4604 'nibus
208 4527 248 4598 acl
263 4524 512 4623 septentrionem
524 4516 632 4617 positis
642 4518 783 4592 multum
794 4514 973 4604 increbuit,
984 4526 1018 4589 δι
1030 4522 1113 4589 inter
1121 4521 1197 4588 artis
1206 4541 1321 4590 arcana
1330 4520 1465 4620 dpletis-

98 4623 320 4790 ‘'isi-“¹¹⁹
351 4619 530 4788 ‘dimi
547 4611 609 4781 ‘li
625 4612 1466 4786 ml‘l³llllliilni³i”nzilliillisit

98 4745 140 4792 va
173 4741 356 4792 eexrmtum
405 4768 415 4787 .
457 4736 553 4803 uret,
607 4736 642 4781 m
734 4736 751 4782 a
1365 4739 1410 4801 o,

93 4816 394 4920 andidoateepit,
407 4817 466 4916 qui
474 4806 670 4911 uniquique
680 4803 883 4881 hebdomo
895 4815 941 4884 60
952 4811 986 4880 dt
999 4802 1138 4908 amplior
1153 4802 1247 4901 hujus
1261 4829 1355 4906 aque
1370 4807 1467 4885 lium
