3646 5430
389 297 713 442 nonnanis
747 355 1083 438 nrsroarr.
1138 356 1214 441 ns.
1242 374 1288 444 v,
1477 397 1533 470 tn

160 458 338 543 instnrdiis.
363 465 661 536 Demonstrationes
672 465 706 530 in
719 458 801 531 hanc
813 486 881 532 rem
891 459 992 532 factas
1006 463 1057 530 die
1074 483 1112 531 ro
1126 457 1282 559 exposuit,
1292 462 1360 537 hate
1370 465 1533 564 praesatus,
1549 480 1666 557 Getam

166 565 294 636 clateris
308 563 470 633 aclionem
495 562 725 654 continuatam
741 555 921 654 horologiis
944 554 1037 627 valde
1056 554 1170 626 utilem
1189 557 1260 630 sore
1283 562 1359 632 loco
1384 566 1535 659 ponderis

165 655 309 758 oppetis.
338 660 418 728 Hoc
436 660 539 726 aerius
552 648 766 749 cogitantibus
787 655 928 722 venitin
942 674 1085 722 mentem
1106 651 1171 746 qua
1191 661 1315 728 tatione
1337 681 1445 730 motus
1460 665 1535 735 inae·

167 754 274 850 qualis
294 750 361 824 fieri
379 748 546 847 aeqtrabilis
556 749 679 846 pollet,
694 772 734 818 an
745 748 912 820 elaterium
926 742 1095 818 successive
1109 749 1177 818 vim
1191 744 1278 822 snam
1290 757 1324 823 in
1338 755 1438 824 veslit
1457 753 1534 830 bras

166 839 243 922 eliia
256 847 362 920 modb
371 846 520 940 longiora
531 893 546 931 ,›
562 844 662 914 modd
688 840 836 915 breviora
860 866 1013 926 exerens,
1028 865 1104 912 cnm
1135 841 1321 937 evolvitur,
1340 851 1371 919 id
1389 848 1509 926 efficiat
1524 909 1544 944 r

166 965 337 1017 tentatum
348 943 405 1013 est.
431 945 529 1013 Hanc
550 937 593 1009 ob
612 943 771 1009 rationem
792 935 877 1009 fusus
896 937 941 1008 est
956 934 1165 1008 adbibitusin
1188 936 1331 1015 sormam
1352 951 1427 1016 coni
1444 969 1538 1021 truna
1627 1007 1628 1010 ,

167 1045 234 1111 oari
253 1044 360 1127 ,circa
373 1060 472 1131 quem
487 1031 648 1106 funiculus
660 1030 836 1105 involvitur
851 1035 1076 1104 contrarias-in
1097 1057 1202 1131 partes
1215 1059 1227 1106 t
1253 1043 1385 1138 mpani,
1402 1041 1452 1112 vel
1474 1046 1536 1115 do.

167 1134 241 1205 lioli
263 1157 331 1230 quo
346 1132 444 1201 elater
464 1130 684 1202 concluditure
722 1134 801 1226 Qo
813 1130 948 1224 quidem
971 1132 1052 1200 serti
1070 1127 1192 1199 necesse
1203 1063 1251 1202 eli
1258 1157 1450 1232 tympanum
1463 1160 1548 1212 cum·

166 1229 303 1301 elaterio
315 1227 486 1298 evolvitur.
513 1228 601 1296 Cum
616 1248 724 1295 autem
738 1232 771 1296 in
787 1227 925 1296 tenuiori
940 1220 1000 1294 furi
1024 1245 1113 1321 parte
1132 1224 1200 1295 haec
1218 1232 1353 1328 incipiat
1367 1232 1514 1306 evolutio
1525 1292 1548 1326 ,0

168 1329 204 1395 in
220 1350 292 1396 eam
310 1328 357 1393 vis
371 1326 510 1392 maxima
522 1322 644 1392 elaterii
655 1319 835 1408 incumbit,
845 1344 884 1391 ac
894 1317 999 1389 versus
1009 1315 1172 1390 crassiores
1187 1331 1334 1423 tympani
1350 1349 1452 1421 partes
1467 1326 1538 1400 sen.

169 1416 229 1490 srm
246 1418 470 1517 progrediens,
490 1415 554 1487 lior
566 1418 631 1502 est,
650 1421 684 1487 in
701 1417 862 1514 longiores
881 1423 915 1488 de
932 1414 1094 1512 longiores
1110 1417 1219 1488 vestes
1235 1420 1448 1502 incumbens,
1471 1450 1549 1523 quo

169 1523 274 1614 tnagis
296 1512 479 1584 debilitatur
496 1512 680 1587 elaterium..

219 1619 269 1683 Ira
280 1609 411 1706 quidem
429 1607 581 1681 hastenus
595 1609 810 1682 tentatumest
823 1608 1035 1681 elateriorum
1055 1632 1126 1706 quae
1139 1612 1225 1682 varie
1240 1610 1446 1686 intenduntur
1460 1617 1539 1688 inae.

171 1707 341 1802 qualitates
353 1703 521 1775 emendate
534 1760 545 1790 ,
560 1727 599 1777 ur
608 1728 645 1774 ex
659 1705 705 1778 bis
717 1702 883 1801 aeqnabilis
901 1703 1149 1801 horologiorum
1161 1728 1268 1776 motus
1282 1710 1433 1804 prodiret·
1462 1716 1537 1784 Nec

174 1801 309 1872 dubium
325 1802 368 1871 est
385 1805 463 1895 quin
483 1823 530 1870 res
542 1799 623 1871 bene
637 1797 877 1896 procederet,s1
893 1797 978 1871 susus
1002 1798 1152 1895 potuisset
1167 1807 1305 1872 inveniri
1331 1811 1420 1898 cnjus
1443 1808 1536 1897 radii,
1626 1816 1629 1823 ’

171 1898 227 1968 seu
249 1896 399 1967 distantia
426 1892 595 1967 ambientis
618 1892 793 1994 superficiei
814 1895 855 1966 ab
872 1920 933 1967 axe
954 1893 1103 1966 effentin
1134 1901 1299 1993 reciproca
1320 1904 1444 1970 tatione
1460 1926 1545 1976 cnm

171 1989 423 2063 elateriiviribus
437 2047 447 2078 ‚
459 1989 522 2060 hoc
532 1992 575 2060 est
593 1988 613 2060 fi
627 1988 739 2062 infuso
757 1993 834 2062 radii
844 2015 899 2089 per
912 1994 994 2061 vires
1007 2013 1062 2063 aut
1079 1998 1237 2087 potentias
1256 1992 1376 2065 elaterii
1386 1998 1419 2066 irs
1429 1992 1547 2072 susrtm

170 2091 293 2185 agentis
311 2087 515 2183 multiplicari
528 2084 649 2185 ubique
663 2086 798 2184 aequales
819 2086 956 2158 sommas
977 2081 1152 2160 efficerem.
1177 2091 1212 2157 Id
1224 2089 1356 2182 quidem
1369 2096 1537 2188 experien.
1569 2163 1574 2179 ,

169 2186 217 2255 tid
228 2206 433 2280 compertum
449 2176 493 2252 esi
513 2179 696 2255 susumnon
715 2186 980 2254 omnino-conica
991 2176 1098 2274 ligure
1111 2187 1143 2254 in
1157 2184 1266 2254 medio
1279 2185 1428 2256 nonnihil
1440 2211 1537 2259 excae

171 2302 283 2351 vatum
302 2275 397 2349 elseo
421 2299 546 2364 orrere,
568 2274 619 2350 sed
662 2303 708 2348 nae
725 2285 758 2349 dr
775 2277 880 2376 qualis
892 2275 1005 2347 debeat
1022 2276 1082 2346 esst
1096 2284 1215 2350 cavitas
1229 2278 1303 2365 illa,
1319 2282 1537 2353 nemoadhoe

172 2379 367 2471 excogitavit
378 2431 389 2461 ,
400 2305 463 2443 ior
480 2372 541 2459 est,
558 2400 626 2473 qutt
638 2304 677 2444 it
690 2394 801 2443 natura
816 2371 898 2443 illius
917 2392 1020 2441 curvae
1032 2396 1102 2468 quae
1123 2379 1206 2443 circa
1225 2370 1316 2443 suum
1327 2399 1419 2447 arem
1433 2399 1549 2450 rotata·-

172 2494 248 2540 eum
262 2472 417 2567 producat
436 2464 541 2538 fusum
554 2527 564 2558 ,
578 2473 673 2568 digna
687 2493 734 2538 res
751 2468 831 2538 adeo
848 2462 912 2536 visa
929 2467 973 2536 est
996 2469 1225 2568 D,Varignon
1242 2493 1313 2564 quae
1328 2476 1445 2542 acriori
1462 2477 1542 2544 ani-

173 2592 231 2637 mo
241 2566 466 2732 perpendatur·
504 2567 548 2637 ld
562 2591 641 2640 tero
655 2558 881 2664 perfectiones
893 2565 1042 2652 coniers,
1067 2573 1100 2638 dt
1114 2563 1260 2663 quedam
1272 2563 1473 2663 problemata
1493 2565 1547 2639 esd·

174 2686 236 2731 con
253 2683 382 2734 centus,

224 2761 288 2829 Die
303 2786 344 2847 30
359 2757 491 2852 Augusti
505 2743 878 2854 universalemtxposuit
894 2749 1057 2854 regulam,
1073 2754 1143 2853 qul⁴
1151 2779 1277 2855 tempus
1301 2754 1327 2827 ὲ
1343 2764 1437 2855 gravi
1462 2784 1546 2833 cor-r

170 2877 250 2951 pore
263 2857 296 2922 in
307 2849 452 2925 descensu
468 2849 647 2950 impensum
667 2875 721 2947 per
732 2850 1099 2946 quamcumquelineam
1112 2876 1245 2923 curvam
1254 2853 1496 2928 determinatur.

228 2957 271 3021 V.
297 2951 376 3046 lam·
390 2951 482 3021 utari
492 2947 756 3019 machinatricem
774 2950 958 3031 veniamus,
974 2952 1017 3017 D.
1033 2947 1177 3042 Conpler
1188 2946 1369 3016 machinam
1380 2973 1419 3018 ex‘
1442 2947 1546 3040 osuit„

173 3042 395 3116 &delineavit
411 3052 476 3140 qua
501 3043 580 3112 olim
596 3039 668 3114 usus
685 3042 730 3112 est
757 3041 824 3112 unit
847 3065 921 3110 cum
942 3046 987 3117 D.
1008 3038 1139 3114 Caffino
1155 3099 1164 3127 ,
1182 3064 1216 3111 ut
1239 3061 1330 3136 aquae
1351 2977 1549 3138 prosatoris

173 3142 256 3209 vites
271 3163 366 3236 penes
380 3136 515 3211 diversas
526 3136 859 3211 fluminisaltitrrdines
876 3138 1110 3211 dimetirentur.
1142 3143 1249 3231 Hujus
1271 3142 1469 3211 mentionem
1486 3139 1564 3213 se‹'

174 3236 277 3304 cimus
294 3236 334 3303 arl
351 3259 470 3305 annum
486 3249 580 3322 r669.
886 3235 890 3239 ’

222 3335 288 3402 Vl.
321 3334 365 3400 D.
379 3336 545 3426 Varignon
564 3334 614 3402 die
630 3357 662 3404 12
682 3329 799 3425 Aprilis
813 3355 935 3401 novum
953 3329 1081 3427 penduli
1102 3353 1202 3427 genus
1222 3332 1242 3402 d
1264 3333 1303 3404 P.
1313 3330 1441 3427 Jacobo
1459 3332 1542 3405 Ale-

173 3426 295 3497 xandro
312 3427 447 3497 Ordinis
469 3428 701 3511 sassenedicti,
722 3425 1040 3521 CongregationisS.
1055 3429 1165 3494 Mauri
1177 3432 1393 3521 excogitatam
1415 3453 1545 3523 propo‹

172 3514 234 3590 suit
247 3575 257 3606 ,
272 3521 361 3615 quod
374 3543 501 3590 motum
515 3516 589 3589 solia
600 3541 807 3617 apparentem
832 3543 899 3587 non
916 3520 1060 3588 medium
1081 3527 1148 3609 ejus
1165 3538 1292 3591 motum
1315 3518 1405 3613 sequi
1427 3520 1543 3592 debete-

174 3617 254 3686 Hoc
279 3620 446 3687 inventum
469 3615 561 3686 valde
574 3611 774 3710 ingeniosum
787 3613 830 3686 ab
850 3613 1024 3684 solemia
1037 3611 1098 3683 suit
1112 3614 1312 3707 judicatum,
1337 3611 1396 3684 etsi
1421 3641 1545 3714 magna·
1586 3618 1589 3622 ’

138 3776 144 3783 .
172 3732 211 3780 ex
227 3735 268 3780 eo
287 3710 404 3783 utilitas
417 3717 470 3781 vix
490 3708 604 3807 sperari
642 3710 742 3782 otest„

221 3815 253 3879 V
267 3813 323 3879 11‘.
346 3810 468 3879 Eodem
483 3808 533 3877 die
549 3737 645 3878 D--se
660 3805 691 3876 la
705 3809 787 3877 Hire
806 3806 1052 3878 instrumentum
1077 3797 1244 3905 proposuit
1261 3804 1417 3881 celeritati
1444 3829 1546 3906 aqua?

171 3906 351 3989 currentis,
369 3927 430 3974 aut
442 3908 529 3973 venti
542 3903 741 3973 dimetiendae
760 3903 1064 3977 accommodatum..
1112 3985 1115 3991 ,

222 4003 287 4068 Die
311 4026 344 4086 ¹9
364 3998 480 4096 Aprilis
501 4005 545 4072 D.
568 3994 1044 4097 Varignontegulamerposuit
1088 3996 1128 4066 ul
1149 3996 1293 4067 distantia
1309 3995 1374 4068 looi
1394 3998 1450 4070 ubi
1469 3999 1538 4070 ful-

173 4118 250 4165 men
264 4095 401 4181 cuditur,
412 4120 449 4166 ex
463 4090 566 4165 sonitu
581 4100 614 4164 dr
630 4091 756 4191 fulgure
766 4148 777 4179 ‚
786 4102 902 4166 imo&
914 4023 1222 4164 distantislocorum
1236 4093 1327 4163 valde
1339 4116 1551 4166 remotorum

172 4213 211 4261 ox
233 4194 386 4260 tormenti
409 4188 455 4260 fra
481 4214 537 4259 ore
558 4183 757 4287 auesclopeti
775 4191 910 4284 judicari
924 4188 1054 4285 potest,
1075 4213 1150 4259 curn
1170 4186 1301 4260 flamma
1323 4187 1548 4287 conspicitur,

173 4295 207 4359 dt
228 4286 379 4379 strepitus
393 4216 520 4356 auribus
536 4309 578 4355 ert¹
590 4283 655 4354 alio
672 4284 747 4356 loeo
761 4286 847 4384 perci
871 4289 956 4358 itur..

224 4380 347 4453 Eodem
363 4385 483 4476 qnippe
497 4385 835 4478 momentotempor-is
845 4306 1015 4479 sulgur,.&
1025 4387 1160 4455 tonitrui
1169 4379 1356 4465 bombus&
1366 4401 1554 4477 utrumque

174 4481 208 4547 in
219 4473 414 4545 bombatdili
428 4497 628 4575 erumpunt,
644 4473 766 4572 nosque
779 4477 955 4548 admonent
966 4475 1111 4549 fulminis
1122 4487 1189 4574 iam
1203 4478 1336 4548 formati
1354 4500 1363 4544 z
1379 4471 1430 4546 sed
1450 4483 1555 4550 citius
1627 4478 1636 4483 ’

175 4573 216 4640 ad
236 4595 293 4658 nos
313 4570 422 4640 lumen
439 4574 610 4668 pervenit,
634 4594 734 4666 quam
746 4571 911 4667 strepitus,
933 4580 967 4644 dt
986 4577 1142 4644 eocitius
1162 4599 1241 4671 quo¹
1257 4573 1384 4666 longius
1400 4574 1421 4641 a
1448 4570 1554 4646 nobisv

173 4666 267 4735 distat
286 4665 375 4737 locus
389 4671 421 4735 in
439 4690 507 4760 quo
522 4665 666 4756 cuditur,
689 4690 728 4735 ac
750 4662 818 4735 soni
833 4668 1090 4764 propagatioest
1120 4673 1153 4739 in
1187 4688 1371 4764 tempotum
1403 4671 1551 4738 ratione„

175 4760 259 4834 illud
283 4757 609 4836 autemobsenatum
625 4756 693 4835 fase
708 4765 755 4835 ait
777 4765 950 4859 Hugenius
967 4765 1057 4836 in-L·
1078 4763 1276 4847 delumine,
1299 4769 1552 4865 uno-temporis«

1233 4864 1331 4931 suu
1352 4861 1386 4952 ij,
