3646 5430
282 371 392 445 Areu.
460 377 504 449 X.
530 373 580 446 dc
609 375 729 445 merito
758 372 897 445 dubitati
919 373 1020 468 potest
1040 399 1081 441 an
1097 369 1161 439 ulla
1186 369 1248 437 alia
1266 389 1340 436 τως
1356 365 1458 460 plures
1477 363 1608 460 ingenio
1634 364 1670 433 dc
1688 372 1769 429 eru-2

281 480 372 540 ι666.
407 471 532 544 ditione
549 469 727 568 praestantes
738 470 884 541 extulerit
903 475 1015 546 viros,
1033 472 1090 563 qui
1107 463 1276 562 Phpficam
1300 519 1310 547 ,
1336 466 1518 531 Anatomen
1538 516 1549 545 ‚
1575 453 1767 541 Marhtfim‚

407 570 457 639 vel
476 572 639 664 puriorem
659 624 670 652 ,
698 567 748 636 vel
765 562 905 662 Physrcae
923 566 1089 634 adm⁵sbrm
1108 570 1230 654 majore
1251 557 1354 627 slurlio
1381 558 1534 627 &animi
1555 555 1771 624 contentione

408 665 565 735 coluerint
585 719 596 750 ‚
624 671 725 757 quam
739 687 814 733 aerat
828 661 881 732 illa
897 666 1021 757 magnis
1036 661 1169 755 ingeniis
1183 653 1282 727 ferax.
1315 657 1406 724 Ttrnr
1433 654 1521 721 euim
1539 655 1572 720 in
1594 646 1686 718 Italia
1707 647 1770 714 ad-

407 760 471 829 huc
492 761 526 828 in
550 763 631 829 vivis
656 784 725 830 erat
750 757 878 853 inriguis
896 756 949 824 ille
972 755 1223 824 Mathematic..s
1243 759 1276 823 δι
1296 744 1507 845 Philosophus
1526 742 1676 818 Galilaeus
1700 748 1772 814 Ga·

406 853 480 926 lilaei
502 910 513 940 ‚
538 860 593 951 qui
610 852 701 924 brevi
727 854 796 952 post
820 875 968 950 tempore
987 851 1072 918 diem
1097 845 1190 916 suum
1211 845 1317 931 obiit3
1340 868 1409 913 tum
1432 851 1499 934 ejus
1526 835 1689 912 Successor
1706 837 1771 909 flo-

401 949 496 1022 rebat
514 949 734 1036 Torrrcellus,
751 974 785 1019 ur
807 972 930 1020 taceam
947 948 986 1016 de
1010 942 1197 1015 Cavallerio
1215 998 1225 1027 ,
1256 939 1395 1023 (abeo,
1421 936 1618 1015 Scheinero,
1640 942 1674 1005 δε
1701 935 1772 1005 aliis

404 1041 487 1117 bene
501 1046 623 1121 multis.
648 1052 683 1115 ln
702 1046 806 1117 Gallia
822 1066 931 1138 praeter
945 1065 1093 1137 eosquos
1105 1038 1264 1134 appella-ri
1278 1033 1437 1106 florebant
1451 1030 1625 1115 Cartesrus,
1640 1031 1771 1102 Gallen-

404 1142 485 1228 dus,
502 1146 626 1213 Fermar
645 1146 778 1212 Senator
797 1135 1024 1227 Tholosanus,
1043 1131 1185 1219 Bachet,
1211 1128 1408 1227 Desargues,
1430 1137 1465 1200 &
1488 1132 1523 1200 in
1542 1128 1662 1223 Anulia
1689 1153 1773 1228 prae.

404 1257 454 1308 ter
471 1235 609 1336 infignes
632 1244 820 1310 Geometras
833 1293 843 1324 ,
858 1258 894 1304 ιιι
919 1240 1078 1304 Batonem
1096 1233 1207 1325 Nepet
1237 1234 1293 1323 qui
1319 1222 1544 1322 Logarithmot
1574 1228 1697 1320 primus
1714 1230 1770 1295 in-

405 1338 515 1419 uenit,
532 1335 648 1406 eodem
675 1331 739 1403 sere
761 1357 907 1431 tempore
932 1330 1123 1400 Guillelmus
1147 1330 1303 1396 Hartaeus
1320 1325 1422 1418 Regis
1435 1319 1559 1418 Angliae
1574 1319 1769 1410 Archiater,

405 1435 464 1524 qui
485 1427 643 1519 sauguinis
661 1436 830 1501 circuitum
869 1432 966 1498 rimus
981 1427 1153 1506 omnium,
1172 1419 1223 1490 vel
1239 1421 1458 1503 excoeitavit,
1480 1417 1529 1486 vel
1545 1413 1644 1487 firmis
1664 1426 1699 1490 &
1714 1422 1771 1488 in-

403 1524 564 1596 cuuculsrs
588 1524 764 1598 rationibus
780 1524 820 1595 src
835 1457 1065 1595 dmonstravir
1083 1575 1093 1604 ,
1111 1540 1148 1588 ut
1166 1521 1224 1613 qui
1251 1512 1412 1584 conscuti
1427 1509 1498 1584 sunt
1514 1516 1567 1583 vix
1589 1516 1770 1610 quicquam

404 1619 583 1692 addiderint
601 1679 611 1708 ,
631 1645 701 1693 tum
725 1627 881 1690 eximium
895 1620 932 1686 de
947 1616 1133 1686 animalium
1146 1615 1352 1712 generatione
1374 1608 1519 1678 libellum
1542 1611 1639 1680 edidit
1662 1614 1698 1679 in
1718 1609 1772 1679 lu·

404 1737 490 1788 cem.
527 1721 614 1787 Tam
631 1716 779 1816 praeclara
805 1720 936 1786 inventa
960 1716 1124 1809 peritiores
1143 1709 1263 1803 ubique
1286 1704 1354 1777 sere
1377 1708 1555 1777 excitarunt
1569 1704 1718 1777 Medicus
1733 1728 1777 1778 ut·

403 1834 580 1881 anatomeu
598 1817 690 1882 novis
704 1807 979 1881 observationibus
1000 1804 1203 1875 illustrarent.
1231 1807 1324 1871 Brevi
1344 1801 1413 1897 post
1429 1823 1575 1902 tempore
1601 1806 1636 1872 in
1662 1801 1768 1874 Gallia

349 1944 391 2029 ⁴
403 1909 453 1977 D.
469 1911 611 2002 Pecquet
627 1931 800 1976 commuue
815 1903 916 1998 Chyli
938 1900 1173 1990 receptaculum
1187 1907 1222 1969 &
1239 1897 1384 1968 canalem
1403 1896 1624 1969 Thoracicum
1632 1896 1769 1970 feliciter

403 2002 534 2073 detexit.
564 2010 601 2072 ln
629 2006 733 2072 Dania
750 1999 897 2069 ‘strumas
914 1993 1116 2066 bartholinus
1134 1995 1203 2063 vasa
1223 1991 1444 2091 lymphatica,
1461 1993 1682 2064 Vvarthonius
1698 1997 1769 2064 An„

402 2094 474 2193 glus
489 2092 647 2191 qucsdam
669 2097 781 2162 ‹luel-ns
806 2088 946 2160 salivales
971 2147 982 2176 ‚
1005 2112 1087 2183 quos
1110 2096 1211 2160 Steno
1233 2085 1338 2157 adhuc
1358 2092 1484 2181 juvenis
1499 2093 1673 2160 innumeris
1695 2090 1768 2162 alm

394 2193 512 2291 ,postea
528 2190 727 2285 deprehensis
745 2212 840 2258 accur
859 2183 922 2258 tirls
941 2182 1097 2285 exposuit.
1153 2188 1288 2255 Omitto
1315 2183 1376 2254 alia
1399 2184 1663 2283 quamplurima,
1693 2211 1767 2281 qux

402 2285 516 2357 clarill
539 2284 715 2357 Marcellus
737 2282 934 2379 Malpighius
951 2287 1007 2376 qui
1032 2303 1132 2378 nuper
1156 2284 1173 2353 l:
1198 2285 1282 2352 vivis
1297 2278 1425 2351 excessit
1443 2337 1454 2367 ‚
1475 2305 1550 2352 cum
1569 2280 1646 2353 esset
1668 2287 1768 2355 Sunt-

402 2387 450 2454 mi
477 2379 641 2455 Pontificis
669 2386 783 2451 Innoc.
816 2385 849 2449 Χ
866 2386 878 2449 Ι
895 2384 922 2453 l.
954 2374 1143 2465 Archiater,
1162 2382 1196 2449 in
1212 2399 1384 2464 omento,
1409 2378 1507 2446 eorde
1533 2375 1642 2466 liene,
1672 2404 1764 2450 cere.

400 2475 467 2550 bro
488 2473 669 2551 obli-travit
687 2499 823 2575 quaque
853 2468 1031 2548 universam
1051 2474 1202 2548 medendi
1218 2494 1321 2545 artem
1345 2497 1414 2546 non
1433 2473 1639 2546 mediocriter
1666 2501 1766 2557 autre<

402 2599 492 2652 runt.

454 2680 513 2746 Xl·
544 2678 589 2747 Er
606 2673 718 2771 Anglis
732 2670 871 2746 maxime
884 2676 940 2769 qui
955 2695 1017 2768 prae
1034 2673 1151 2743 caeteris
1174 2671 1207 2742 in
1227 2664 1322 2742 rebus
1336 2669 1527 2746 anatomicis
1546 2671 1766 2763 elaborarunt·

402 2772 493 2862 quod
522 2774 618 2868 primi
644 2774 792 2840 omnium
819 2766 977 2866 sanguinis
1002 2766 1243 2839 circulationem
1273 2768 1478 2866 reperissent,
1506 2771 1636 2866 quidam
1659 2794 1768 2844 certas

402 2869 550 2962 corporis
562 2888 667 2964 partes
678 2862 859 2936 accuratius
872 2863 1096 2935 examinandas
1116 2858 1317 2962 susceperunt
1345 2889 1411 2952 ,ut
1441 2863 1659 2937 Vvarthouius
1682 2890 1763 2939 cot.

399 2966 490 3058 potis
502 2959 668 3059 glandulas
682 3018 693 3049 ,
709 2959 882 3032 Glilsonius
893 2973 1004 3053 jecur,
1030 2957 1146 3031 vvillis
1159 2957 1324 3032 cerebrum
1338 2971 1372 3034 δι
1390 2986 1527 3048 nervos,
1552 2963 1681 3034 Lorver
1703 2989 1764 3036 cor

398 3052 505 3153 ipsum
521 3065 555 3129 δι
570 3055 656 3128 illius
671 3079 800 3129 motum
824 3115 834 3144 ,
856 3080 895 3127 ac
915 3061 1007 3126 novis
1031 3050 1161 3128 subinde
1187 3060 1323 3128 inventis
1344 3056 1428 3129 hanc
1452 3052 1617 3130 scientiam
1639 3055 1681 3129 fic
1708 3061 1761 3132 lo·

397 3151 603 3250 cupletatunt
616 3208 627 3239 ,
641 3176 677 3225 ut
693 3155 867 3222 Anatomia
879 3177 917 3221 ex
927 3176 991 3248 qua
1003 3151 1150 3223 medendi
1162 3148 1290 3223 scientia
1303 3179 1383 3250 pene
1396 3150 1540 3226 universa
1551 3155 1675 3253 pendet,
1688 3183 1762 3229 nra.

396 3253 468 3341 jora
497 3271 567 3320 rum
589 3251 707 3346 ceperit
736 3252 958 3332 incrementa,
984 3252 1086 3343 qudm
1109 3272 1254 3343 unquam
1268 3271 1361 3320 antea
1379 3278 1393 3322 t
1414 3251 1496 3319 adeo
1516 3255 1600 3322 inter
1619 3253 1765 3325 eruditos

397 3342 484 3510 valefft
505 3343 696 3434 aemulatio,
723 3366 759 3415 ut
791 3348 825 3415 in
852 3341 1064 3441 provehendis
1092 3343 1270 3418 artibus&
1295 3343 1468 3446 disciplinis
1495 3345 1586 3421 nulla
1610 3372 1661 3420 res
1688 3350 1764 3450 plue

424 3465 444 3509 o
471 3465 509 3516 rr.

395 3464 421 3539 P
444 3543 523 3616 ΧΗ.
549 3539 616 3611 Sub
635 3534 733 3612 finem
748 3540 978 3612 dominationis
1013 3538 1153 3613 Olivatii
1175 3536 1355 3611 Cromvelii
1382 3539 1566 3642 complures
1589 3543 1651 3615 viri
1665 3540 1764 3618 nobi-⁸

394 3632 441 3702 les
458 3635 574 3731 quibus
586 3646 619 3710 δι
632 3635 681 3707 hae
702 3634 872 3733 discipline
901 3635 1003 3707 cordis
1016 3661 1107 3710 etant
1129 3693 1140 3725 ,
1166 3640 1289 3734 quique
1309 3661 1360 3706 ma
1385 3664 1425 3709 na
1444 3665 1482 3710 ex
1507 3661 1597 3736 parte
1616 3641 1764 3714 Galliam

394 3735 431 3799 de
449 3731 574 3802 ltaliam
589 3754 794 3829 peragrarant
807 3788 818 3817 ‚
831 3755 929 3826 atque
951 3735 1157 3804 llruditorunt
1179 3737 1276 3802 catur·
1289 3757 1329 3830 ap
1395 3738 1440 3807 D.
1455 3740 1500 3808 D.
1515 3737 1688 3808 Monmott
1721 3747 1761 3809 δε

392 3822 571 3897 Thevenot
589 3826 818 3912 interfuerant,
841 3830 965 3896 Oxonii
991 3827 1059 3898 und
1086 3849 1329 3917 convenerunt,
1361 3839 1418 3927 qui
1448 3835 1487 3902 de
1509 3825 1601 3901 rebus
1620 3828 1762 3928 phyfieis

394 3919 478 3989 inter
494 3915 525 3990 se
544 3922 750 4010 conferrent,
774 3929 808 3994 &
832 3928 918 3994 varia
931 3918 1072 3996 facerent
1086 3927 1313 4024 experimenta.
1355 3933 1571 4024 Praeterquam
1588 3931 1676 3998 enim
1702 3953 1760 4000 ea-

394 4037 467 4084 rum
481 4011 717 4115 disciplinarum
736 4041 816 4115 quas
828 4023 862 4090 in
879 4018 944 4088 diet
961 4019 1111 4117 perpoliri
1130 4017 1303 4093 cernebant
1322 4080 1333 4111 ,
1360 4023 1463 4095 studio
1476 4018 1692 4113 tenebantur,
1717 4025 1759 4096 il.

392 4107 451 4182 lud
463 4137 597 4210 quoque
613 4115 667 4185 vel
687 4118 866 4186 maximum
888 4112 1077 4203 accedebat,
1094 4118 1184 4214 quod
1207 4112 1355 4212 legitimo
1369 4115 1430 4192 suo
1453 4121 1537 4216 Regi
1554 4117 1672 4191 addicti
1692 4126 1756 4192 mi·

393 4229 453 4277 nus
466 4231 575 4279 tutum
595 4215 632 4282 iis
653 4211 810 4281 videretur
830 4212 920 4280 clomi
939 4206 999 4281 suae
1015 4218 1144 4308 quietos
1154 4236 1270 4311 agere,
1286 4212 1376 4311 quast·
1397 4212 1539 4315 praeseuti
1564 4238 1671 4287 rerum
1694 4217 1761 4288 sta-

393 4326 430 4376 tu
446 4311 551 4377 minus
564 4310 707 4380 contenti
720 4333 764 4404 op
788 4330 941 4378 ortunum
954 4331 1081 4406 tempus
1088 4313 1216 4408 tyranni
1230 4315 1342 4404 jugum
1352 4313 1532 4385 excutiendi
1541 4335 1577 4379 cx
1602 4314 1759 4391 current.

392 4406 439 4476 Ea
458 4407 581 4474 ratione
591 4408 691 4474 minui
703 4428 746 4501 po
770 4399 1008 4500 epericulosam
1022 4405 1252 4477 (tornvelisde
1266 4401 1533 4509 l'elirspicionem,
1547 4336 1632 4477 stitis
1647 4408 1759 4482 studiis

392 4493 583 4569 sedederent
597 4555 608 4585 ,
624 4522 695 4596 quae
705 4495 970 4593 tranquillitatem
981 4505 1080 4570 animi
1092 4528 1131 4572 ac
1144 4497 1342 4573 secutitatem
1355 4506 1529 4605 postulant.
1557 4502 1594 4571 ld
1606 4511 1715 4605 accepi
1733 4507 1755 4578 dt

396 4597 443 4666 D.
460 4592 561 4690 Boyle
576 4600 769 4679 ann01669.
786 4618 861 4664 cum
876 4595 1057 4666 Londinill
1083 4622 1184 4672 erem.
1236 4606 1240 4616 '

440 4694 534 4766 xut.
556 4695 635 4768 Hoc
647 4714 763 4793 genere
775 4693 1011 4791 exercitationis
1022 4622 1218 4769 deiestatiin
1234 4717 1277 4768 eo
1286 4696 1549 4796 permanserunt,
1563 4719 1602 4769 ac
1611 4700 1756 4773 Societas

1641 4818 1759 4879 corum
