3646 5430
256 370 320 440 208
579 362 765 433 REGIAE
830 349 1272 429 SClliNTlARUM

121 458 150 528 A
164 484 186 531 ιι
202 485 237 534 u.
255 457 333 529 crlm
347 481 385 530 ex
400 453 524 528 calculo
536 462 622 544 juxta
632 478 721 525 term
733 449 913 523 mensuram
935 454 1017 518 inito
1039 455 1140 532 major
1157 469 1222 513 uno
1246 450 1374 516 minuto
1396 442 1458 519 osl'e
1476 444 1608 520 debuis-

121 563 201 632 1681.
251 553 317 638 set,
337 555 425 649 quod
443 557 554 645 utique
577 556 741 619 minutum
762 543 947 616 refraenent
960 541 1166 616 tribuendum
1176 539 1229 608 esb
1255 541 1329 610 Post
1345 538 1394 611 sex
1413 539 1513 613 horas
1529 567 1606 615 cum

251 670 338 717 mare
351 645 442 718 altius
456 646 548 730 edet,
563 646 641 715 radii
654 640 778 711 visualis
790 639 957 710 inclinatio
970 636 1032 707 suit
1050 626 1179 705 tanttlnr
1196 646 1228 706 6.
1255 638 1335 708 min.
1364 664 1413 722 ιο.
1431 631 1495 710 sec,
1516 661 1610 708 tum.

247 763 313 834 que
331 767 418 812 mare
434 743 473 811 ad
489 770 526 812 22
541 739 633 837 pedes
649 734 855 820 ascenderat,
895 733 976 802 adeo
1000 750 1035 799 ut
1055 727 1146 798 nulla
1173 726 1248 798 esset
1268 733 1419 804 refradlio
1440 729 1609 802 sensibilis.

246 835 338 905 Idem
351 834 417 906 sete
431 839 607 930 contigerat
624 826 840 903 observationi
858 826 948 897 sastae
961 849 1047 898 anno
1066 835 1145 914 1674
1170 825 1190 894 Ta
1206 829 1251 896 D.
1264 826 1419 896 Picardin
1430 827 1607 898 Occitauia

244 929 597 1013 aduromonrorium,
617 927 717 1017 vulgo
735 924 764 987 le
780 929 850 1019 Cap
868 921 906 986 de
922 921 1006 992 Se're.

295 1026 435 1096 Cadomi
451 1026 501 1093 die
515 1037 535 1094 6
559 1004 747 1095 Decembris
762 1017 898 1090 altitudo
918 1015 989 1089 Poli
1003 1021 1131 1089 inventa
1146 1017 1190 1088 est
1203 1042 1250 1107 49
1264 1040 1313 1111 gt.
1329 1039 1379 1090 ro.
1389 1021 1469 1090 miu-
1491 1047 1532 1115 50
1555 1019 1606 1093 vel

250 1147 283 1216 55
302 1116 365 1192 see.
379 1126 412 1193 in
430 1118 583 1211 Collegio
602 1120 740 1210 Artium.

302 1214 506 1286 Dunrercbae
527 1213 598 1284 Poli
622 1211 759 1283 altitudo
791 1213 920 1280 inventa
938 1209 982 1280 est
1008 1206 1030 1278 ὲ
1056 1209 1102 1282 D.
1127 1207 1165 1277 de
1194 1204 1224 1275 la
1253 1209 1336 1277 Hire
1357 1231 1387 1300 5¹
1415 1232 1465 1303 gr.
1490 1235 1502 1279 r
1532 1214 1605 1285 min.

252 1341 295 1396 ²4
312 1306 372 1382 sec.
388 1319 420 1380 in
440 1311 555 1398 majori
571 1304 734 1378 Ecclesia:
756 1331 794 1375 ex
811 1302 1013 1374 immersione
1031 1307 1125 1398 primi
1149 1297 1288 1373 satellitis
1312 1302 1363 1371 die
1388 1307 1422 1375 rt
1447 1303 1605 1376 octobris

253 1401 433 1478 differentia
448 1402 684 1497 longitudinum
698 1400 739 1470 ab
759 1394 992 1472 Observatotio
1009 1420 1132 1494 reperta
1144 1397 1189 1468 est
1202 1391 1291 1468 dsec.
1304 1392 1408 1467 versus
1419 1401 1606 1486 Orientem,

255 1502 305 1571 die
319 1531 353 1593 ²5
370 1520 491 1596 reperta
508 1494 552 1566 est
571 1496 798 1565 tantummodo
825 1522 837 1582 ς
856 1485 916 1566 sec.

313 1593 421 1667 Caleti
440 1592 492 1661 die
511 1617 546 1662 ro
571 1586 769 1661 Novembris
788 1586 857 1658 Poli
878 1585 1014 1657 altitudo
1031 1583 1197 1660 observata
1210 1583 1271 1657 suit
1283 1614 1324 1681 50
1346 1611 1395 1684 gr.
1414 1613 1452 1683 5⁷
1482 1592 1564 1658 min.
1588 1617 1606 1663 2

254 1684 318 1765 sec.
343 1689 441 1785 idque
461 1685 569 1785 sepius
591 1688 782 1783 repetitum,
795 1681 1034 1780 longitudinum
1047 1679 1225 1755 differentia
1239 1708 1255 1747 t
1271 1685 1347 1752 min
1372 1709 1414 1754 ao
1428 1680 1491 1755 sec.
1503 1681 1608 1755 versus

260 1785 490 1860 Occidentem.

306 1885 352 1953 D.
376 1879 416 1949 de
443 1881 472 1951 la
494 1884 577 1952 Hire
594 1864 743 1948 Caletum
760 1879 886 1947 inter&
910 1878 962 1946 An
986 1873 1035 1944 liae
1057 1897 1187 1971 portum
1208 1871 1388 1944 Dubridem
1402 1899 1435 1946 v.
1462 1876 1602 1943 nomn

256 1975 362 2047 multd
386 1980 547 2046 minorem
569 1976 748 2044 distantiam
796 1995 869 2040 uam
890 1900 1004 2041 tabulae
1023 1969 1215 2066 designent,
1249 1968 1398 2058 invenite
1419 1966 1489 2040 basi
1511 1971 1604 2040 nian-

257 2069 326 2166 guli
345 2075 378 2138 in
391 2066 526 2138 arenoso
545 2069 653 2138 littore
680 1995 1011 2159 25oolexapedatum
1029 2060 1182 2160 sumpta,
1207 2087 1246 2132 ex
1269 2087 1334 2158 qua
1353 2061 1548 2159 politionem
1567 2086 1605 2133 u-

255 2159 398 2258 triusque
411 2161 474 2232 loci
486 2166 608 2232 invenit
628 2193 639 2250 3
660 2165 705 2232 ita
723 2180 760 2230 ut
783 2155 936 2229 Dubridit
956 2158 997 2229 ab
1015 2163 1106 2256 apice
1121 2156 1353 2257 propugnandi
1378 2157 1505 2230 Risban
1519 2159 1604 2232 distet

257 2257 448 2331 216ohexa
513 2311 523 2330 .

290 2287 350 2424 Di.
373 2256 652 2423 virile'lnunus
675 2350 874 2423 Geometrici
897 2346 972 2420 leui
995 2352 1029 2423 in
1053 2350 1226 2421 Academia
1249 2405 1261 2436 ,
1282 2349 1455 2446 compluta
1480 2377 1606 2451 quoque

256 2444 420 2546 proposita
433 2442 504 2516 sunt
523 2444 734 2544 problemata.
762 2449 806 2516 D.
820 2447 858 2513 de
872 2442 901 2513 la
917 2449 1000 2516 Hire
1014 2468 1125 2542 praeter
1150 2467 1278 2516 caeteros
1300 2448 1333 2515 in
1351 2444 1417 2516 hoc
1440 2474 1603 2545 argumen-

256 2565 294 2614 to
313 2539 481 2628 versatus,
505 2567 585 2638 opus
604 2538 694 2610 suum
717 2542 757 2611 de
777 2534 968 2609 sestionibus
988 2543 1107 2610 conicit
1123 2549 1155 2612 δι
1178 2539 1400 2634 cylindricisd
1421 2544 1533 2614 decern
1549 2570 1604 2617 an-

256 2641 306 2707 nis
328 2659 472 2734 creptum
494 2660 576 2732 pene
597 2630 744 2708 absolvit.
767 2631 885 2726 Qaed
911 2637 1092 2704 Geometris
1116 2632 1266 2703 hactenus
1289 2640 1414 2732 magnis
1433 2637 1607 2711 volumini.

256 2729 315 2801 bn's
330 2733 401 2802 sunt
419 2733 639 2825 portatilem,
665 2737 802 2800 nova&
825 2726 1049 2822 compendiosa
1075 2726 1230 2799 methodo
1254 2727 1295 2798 src
1315 2738 1607 2818 contraxit,utex·

283 2821 422 2903 urfitiora
446 2847 580 2919 quaeque
593 2822 776 2919 complexus
792 2847 891 2893 novas
903 2819 1081 2894 sectionum
1098 2826 1281 2893 conicatum
1292 2819 1477 2897 affictiones
1488 2850 1605 2921 quam.

256 2850 408 3013 plurimas
427 2918 701 2990 demonstraverit.
726 2923 874 2989 Formam
886 2921 984 2988 totius
998 2922 1102 3017 operis
1115 2925 1146 2988 δι
1165 2922 1325 2988 rationem
1340 2916 1481 3015 primtltn
1503 2945 1603 3022 expo·

256 3009 317 3082 suit
336 3037 407 3107 quae
419 3010 568 3083 omnibus
583 3009 715 3107 probata
729 3012 791 3084 suit
811 3066 822 3098 ,
848 3034 917 3082 tum
941 3013 1222 3083 demonstrationes
1247 3009 1313 3082 suas
1336 3021 1428 3087 conis
1454 3022 1489 3089 dt
1510 3024 1605 3093 t'ariie

256 3130 370 3179 eorum
389 3102 581 3177 sestionibus
600 3130 638 3175 ae
662 3104 684 3177 fi
707 3112 791 3192 uris,
806 3129 842 3177 ut
866 3103 992 3176 sacilids
1008 3128 1217 3203 caperentur,
1241 3110 1274 3176 in
1286 3109 1431 3180 medium
1484 3110 1603 3204 elatis,

258 3197 462 3271 simuloculis
475 3208 510 3274 dt
530 3205 641 3271 animo
663 3198 683 3271 s
719 3207 807 3294 jecit.
830 3200 1000 3272 Nonnulla
1014 3226 1145 3297 quoque
1165 3198 1365 3296 problemata
1389 3211 1412 3275 a
1447 3230 1467 3274 e
1489 3232 1605 3311 propo·

256 3292 316 3462 pti}
328 3303 361 3370 δι
381 3295 402 3366 d
422 3298 467 3364 D.
487 3300 629 3367 Sauveue
650 3318 736 3366 nunc
756 3288 931 3369 Profeffote
950 3298 1058 3395 Regio
1078 3351 1089 3381 ,
1111 3303 1144 3368 de
1163 3297 1343 3367 Academiae
1357 3301 1483 3388 Socio,
1508 3301 1604 3378 soluta

272 3416 292 3460 u
318 3415 404 3482 pecte.

315 3491 348 3557 X
364 3493 391 3561 Ι.
428 3491 563 3559 Novam
586 3485 761 3559 fabricandi
786 3510 881 3558 naves
904 3491 1061 3559 tationem
1084 3491 1130 3560 D.
1152 3487 1292 3560 Renault
1315 3511 1401 3560 nunc
1430 3493 1515 3564 inter
1536 3497 1603 3567 Na·

138 3605 142 3613 ·
257 3579 388 3655 varchas
407 3580 542 3667 nobilis,
560 3606 593 3654 at
620 3606 659 3651 ue
677 3585 759 3652 inter
783 3586 984 3651 Honoratior
1000 3583 1208 3652 Academicos
1223 3610 1309 3654 anno
1333 3598 1426 3672 1699.
1443 3586 1606 3661 receofitur

137 3662 143 3676 ⁴
256 3672 434 3772 proposuit.
467 3608 620 3748 lllustrirs.
649 3676 798 3747 Marchio
810 3678 849 3745 de
867 3677 1033 3772 Seignelay
1050 3678 1082 3746 id
1103 3681 1348 3749 munerisdedit
1371 3684 1416 3751 D.
1439 3681 1484 3746 D.
1507 3682 1603 3753 Blou-

257 3769 308 3837 del
339 3778 372 3840 δι
408 3774 563 3843 Mariotte
589 3826 600 3856 ‚
623 3793 658 3841 ut
679 3797 750 3841 eam
772 3771 937 3867 diligenter
962 3772 1184 3867 expenderent.
1231 3780 1307 3936 (ξε
1328 3775 1368 3843 de
1400 3798 1437 3844 re
1486 3776 1540 3846 uid
1565 3771 1604 3847 fi·

256 3858 291 3930 bi
316 3864 496 3935 viderentur
515 3868 555 3936 ad
581 3866 789 3936 Academiam
803 3865 1073 3951 retulerunt,eam
1094 3871 1245 3938 nimirum
1282 3867 1423 3938 abricam
1478 3894 1503 3940 u
1519 3875 1603 3970 opti.

258 3980 347 4025 mam
366 3965 400 4028 δι
421 3955 549 4030 facilem
564 3962 744 4052 judicarunt
765 3994 776 4048 3
802 3961 893 4049 hujus
908 3959 1150 4030 fundamentum
1177 3965 1209 4030 in
1225 3961 1362 4033 sedlione
1383 3970 1501 4035 conica
1524 3962 1603 4063 pos.

258 4048 405 4215 tfumRelle
428 4106 439 4137 ,
463 4074 561 4149 atque
576 4050 662 4123 hunc
679 4077 746 4122 non
767 4056 1038 4127 contemnendum
1061 4060 1252 4127 Geometriae
1267 4053 1481 4157 speculatricis
1503 4082 1603 4134 extare

276 4169 312 4215 ru
349 4168 417 4221 um.

304 4245 342 4309 ln
354 4242 490 4311 eundem
505 4265 583 4339 pene
595 4239 724 4313 censum
736 4238 867 4313 adscribi
878 4246 980 4341 potest
993 4248 1234 4317 instrumentum
1249 4248 1336 4341 quod
1350 4252 1394 4319 D.
1403 4253 1605 4321 Sauveurex·

256 4333 373 4421 hibuit,
384 4344 615 4433 qu'oaquatum
627 4340 727 4432 jaddus
741 4336 835 4408 facile
850 4339 1067 4412 mensurantur
1077 4351 1162 4432 iuxta
1174 4343 1348 4413 altitudinis
1361 4351 1394 4415 δι
1407 4343 1604 4420 castellorum

256 4433 436 4517 rationem,
451 4456 510 4502 nec
521 4456 587 4502 non
601 4457 696 4531 penes
708 4434 880 4504 diametros
894 4433 1079 4506 tubulorum
1092 4460 1147 4532 per
1168 4462 1250 4529 quos
1266 4462 1351 4532 aqua
1364 4445 1517 4539 erumpit.
1544 4445 1604 4513 Eo-

256 4525 330 4597 dem
344 4527 555 4598 instrumento
566 4530 779 4625 quantitatem
793 4553 883 4621 aquae
897 4529 1021 4600 concha
1032 4530 1165 4602 fontana
1178 4555 1335 4603 coutentae
1355 4535 1496 4606 dimetiri
1512 4535 1607 4626 lieet,

258 4642 333 4690 cum
348 4618 593 4694 semi-diameter
609 4621 740 4692 conchae
752 4620 941 4710 innotescit,
955 4622 977 4695 fi
993 4625 1129 4696 rotunda
1146 4623 1183 4697 srt
1201 4682 1212 4713 ,
1232 4649 1288 4696 aut
1305 4627 1391 4701 certe
1405 4627 1490 4704 latus
1508 4653 1607 4706 unum

259 4710 297 4791 stt
306 4721 472 4817 cognitum
479 4714 529 4809 ,fi
545 4715 643 4821 suerit
656 4719 815 4816 quadratae
826 4741 881 4793 aut
892 4717 1019 4825 alterius
1031 4717 1140 4819 figura
1153 4723 1313 4822 regulario

1457 4816 1611 4927 MD
