3646 5430
291 343 644 422 incinerata
698 336 1179 431 Historiarum
1394 391 1428 456 19

63 447 135 521 ‘lam
149 447 197 517 est
211 441 319 539 quam
331 469 416 543 aqua
429 442 527 516 saxeis
540 449 692 517 ramentis
705 470 891 545 praegnans,
913 472 985 544 quae
998 446 1077 547 ligni
1093 477 1149 524 aut
1163 450 1300 527 aliorum
1313 480 1432 557 corpo·

61 570 135 617 tum
154 538 243 613 subit
256 566 394 616 meatus.
433 544 593 637 Principia
607 566 740 639 quoque
755 542 937 642 Chyrnira,
950 539 993 615 sal
1008 548 1167 644 imprimis
1180 570 1235 618 aut
1246 552 1381 624 nitrosus
1395 580 1431 630 ur

60 647 93 713 in
108 638 219 727 calce,
237 658 294 708 aut
307 640 418 709 acidus
427 661 463 708 ut
474 640 507 706 in
519 634 697 709 Marcasrtis
711 695 721 724 ,
734 660 788 709 aut
798 634 961 736 utriusque
973 647 1164 738 temperatio
1175 641 1353 741 plurimtlm
1363 647 1432 722 sor.

64 735 143 808 fitan
155 737 196 806 ad
210 760 285 806 earn
299 733 562 832 coagulationem
575 730 759 809 conserunt.
794 731 920 808 Vertltn
943 732 1008 807 hoc
1029 735 1107 811 loco
1120 763 1189 811 non
1207 760 1274 811 tarn
1294 749 1433 820 rationes

65 831 144 934 ipsas
161 856 265 931 quam
278 826 366 900 sidia
380 824 607 933 persequimur·

80 1037 1423 1068 Μ

494 1167 791 1254 CAPUT
888 1175 1020 1259 111.

305 1392 364 1463 De
381 1375 593 1494 quibustcm
610 1377 920 1491 obstinationibus
942 1388 1204 1479 variamina
1267 1385 1272 1391 ’

78 1594 106 1668 1.
124 1593 293 1767 CUm
312 1598 349 1666 iis
371 1593 569 1692 temporibus
589 1617 714 1666 novum
734 1593 774 1665 de
793 1592 1005 1670 transfusione
1021 1596 1182 1699 sanguinis
1203 1621 1425 1674 commentum
1440 1630 1542 1699 Am.

215 1690 425 1761 Eruditotum
440 1695 567 1788 ingenia
583 1713 742 1762 exerceret
756 1747 766 1775 ,
782 1716 821 1763 ac
833 1689 965 1765 subinde
978 1694 1083 1793 plures
1098 1700 1159 1766 riri
1173 1719 1241 1767 non
1255 1696 1378 1769 indosli
1392 1705 1426 1770 in
1441 1726 1556 1795 „mica

69 1792 140 1856 'earn
152 1781 432 1884 spem'vcnilscnt,
444 1784 514 1856 sore
528 1809 562 1857 ut
577 1810 643 1855 non
653 1783 794 1880 Pbyficae
809 1787 909 1856 modd
922 1788 1029 1861 lueetn
1044 1788 1210 1885 aliquam,
1231 1788 1283 1861 sed
1300 1799 1334 1864 δι
1354 1820 1425 1864 me.
1548 1803 1554 1812 '

67 1880 164 1953 elendi
176 1885 238 1953 arti
254 1907 405 1981 magnam
419 1878 547 1955 afferret
562 1880 752 1956 utilitatem,
779 1879 897 1980 placuit
917 1885 1097 1955 Academiae
1109 1886 1188 1953 illud
1202 1883 1305 1979 ipsum
1317 1887 1429 1985 quale.

69 1999 215 2073 cumque
231 1974 328 2066 effer,
344 2002 496 2049 accurato
513 1980 650 2048 examini
669 1972 832 2068 subjicere.
866 1981 981 2071 ltaque
1007 1979 1058 2047 die
1085 2005 1135 2051 ιι.
1154 1980 1299 2074 Januarii
1319 2037 1330 2068 ,
1356 2005 1429 2059 turn

70 2071 138 2145 aliis
153 2070 421 2168 consequentibus
433 2071 520 2144 sassa
532 2073 574 2142 esl
587 2096 624 2140 ex
638 2075 729 2142 nnius
742 2076 828 2143 canis
841 2077 956 2143 arteria
977 2075 1119 2146 carotide
1139 2080 1172 2146 in
1197 2097 1313 2146 venam
1332 2085 1429 2180 jugu-

70 2162 170 2242 larcm
182 2170 312 2241 alterius
331 2166 502 2241 transfusio
521 2165 689 2265 sanguinis·
727 2167 815 2238 Cum
837 2188 945 2237 autem
963 2167 1091 2240 uberior
1106 2195 1143 2241 er
1166 2175 1281 2244 arteria
1305 2169 1431 2276 sanguis

72 2263 235 2338 invenam
254 2288 422 2353 manaret,
441 2263 536 2337 brevi
554 2265 712 2333 extinslus
726 2263 788 2334 suit
812 2265 870 2358 qui
890 2261 1075 2361 sanguinem
1096 2290 1275 2366 exceperat.
1308 2275 1348 2340 ln
1360 2274 1433 2347 aliis

71 2370 175 2456 major
187 2361 233 2431 est
245 2360 386 2433 adbibita
398 2365 517 2446 cautio,
533 2383 571 2429 ut
583 2363 688 2429 minor
702 2354 860 2455 sanguinis
873 2364 1032 2447 quantitas
1046 2359 1189 2434 eslloerct
1203 2392 1212 2435 r
1233 2387 1272 2434 ne
1300 2368 1429 2440 ueadco

71 2453 198 2527 uberior
213 2451 341 2554 sanguis
351 2481 492 2529 mortem
504 2454 610 2525 attulit
628 2460 698 2524 cani
715 2459 747 2525 in
762 2458 898 2548 quernis
913 2451 1106 2522 transmissus
1129 2454 1216 2543 fuit,
1243 2390 1298 2527 sed
1309 2484 1430 2557 coagu-

71 2545 152 2622 latus
162 2577 277 2625 tamen
293 2557 462 2651 apparuit,
476 2577 513 2623 ac
532 2546 665 2621 subinde
681 2549 820 2622 multum
835 2545 898 2617 fuit
910 2542 1090 2620 debilitatus
1108 2557 1143 2620 dt
1158 2551 1297 2644 dejeslus
1314 2607 1327 2639 ,
1352 2578 1428 2626 cum

71 2642 152 2718 ulter
167 2645 245 2717 essct
257 2653 408 2744 vegetior.

121 2738 242 2814 Mense
263 2746 384 2817 Martio
400 2745 444 2819 fic
466 2752 598 2848 repetita
614 2745 659 2815 est
675 2742 873 2833 transfusio,
900 2767 936 2816 ut
951 2765 1078 2816 tanturn
1099 2740 1257 2845 sanguinis
1276 2770 1314 2818 ex
1335 2751 1429 2819 unius

72 2858 151 2908 rena
170 2837 378 2928 educeretur,
398 2868 557 2937 quantum
575 2839 616 2912 ab
633 2841 760 2912 alterius
771 2846 884 2913 arteria
897 2838 1066 2927 efflueret,
1094 2843 1191 2937 idque
1206 2839 1340 2914 bilancis
1366 2870 1430 2944 ope

71 2929 129 3003 suit
144 2932 362 3030 exploratum.
394 2944 486 3012 Turn
497 2940 559 3011 alia
574 2939 618 3009 est
631 2941 811 3049 excogitata
833 2942 936 3016 ratio,
964 2963 1028 3032 qua
1046 2936 1182 3036 duplicis
1199 2932 1350 3036 syphonis
1373 2940 1430 3011 be.

71 3025 186 3101 telicio
199 3028 325 3129 sanguis
337 3059 375 3105 ex
387 3040 480 3106 unius
493 3032 609 3107 crurali
629 3056 743 3104 arteria
757 3037 790 3103 in
812 3057 928 3103 venam
945 3033 1072 3104 alterius
1084 3032 1241 3103 eruraltm
1254 3089 1264 3118 ,
1276 3059 1314 3104 ae
1335 3029 1429 3110 limul

72 3145 106 3192 tx
123 3127 220 3218 hujus
232 3152 314 3199 vena
329 3128 510 3229 jugulariin
522 3127 837 3201 carotidemalterius
849 3152 1056 3201 commearet.
1093 3125 1221 3202 Verdtn
1236 3127 1301 3200 hoc
1323 3129 1429 3231 ipsum

71 3225 253 3298 ¹executioni
264 3228 454 3299 mandatum
463 3252 531 3298 non
545 3224 620 3300 suit.

116 3324 160 3392 11.
196 3323 244 3392 D.
268 3323 412 3394 Pertault
431 3324 582 3421 peculiari
594 3320 808 3395 dissertatione
820 3324 956 3396 ollcndit
970 3323 1073 3420 quim
1090 3324 1228 3410 inutilis,
1242 3348 1312 3395 rrno
1325 3325 1429 3422 quim

70 3410 202 3486 'exitiosa
224 3413 301 3487 elset
326 3417 381 3488 illa
396 3414 553 3517 sanguinis
573 3442 684 3490 mutua
700 3418 902 3494 tranlmilsro.
937 3417 1085 3492 Primtlm
1110 3425 1196 3491 enim
1218 3447 1356 3516 praeceps
1375 3423 1430 3494 ille

70 3513 103 3579 de
124 3506 245 3583 subitus
257 3512 418 3611 sanguinis
428 3540 466 3586 ac
485 3513 655 3613 spirituum
674 3540 780 3586 rnotus
800 3520 852 3585 vix
875 3519 895 3586 ai
919 3540 1031 3585 natura
1052 3514 1129 3585 ferri
1151 3515 1357 3610 pottst,qnae
1369 3514 1430 3585 hu-

71 3628 203 3676 morum
219 3607 405 3681 alterationi
420 3609 461 3682 fic
473 3609 580 3711 praeest
599 3667 610 3698 ,
631 3636 666 3681 ut
688 3606 729 3679 ab
750 3636 790 3679 to
812 3635 910 3686 <ruem
930 3605 1102 3705 praescribit
1116 3610 1248 3694 ordine,
1269 3610 1370 3678 recedi
1383 3635 1429 3679 ae.

73 3703 127 3794 gri
142 3708 311 3798 patiatur:
334 3709 437 3778 cordis
456 3703 560 3804 pulsus
580 3717 613 3781 δι
633 3707 762 3806 propria
777 3700 928 3800 cujusque
950 3707 1063 3794 organi
1076 3703 1253 3789 strttdlura,
1275 3727 1329 3774 aut
1345 3727 1430 3781 tem.

78 3803 172 3890 peries
183 3821 305 3871 natura
321 3801 554 3901 jullareligiosi
565 3824 777 3900 exequuntur.
804 3805 894 3873 Hinc
906 3798 1041 3871 naturali
1055 3796 1228 3870 humorum
1244 3798 1430 3898 perturbata

78 3897 220 3965 motione
230 3894 366 3969 affectus
376 3901 511 3972 violenti
519 3902 553 3970 in
564 3904 635 3971 virae
644 3897 809 3970 discrimen
820 3899 979 3967 intrtdum
992 3896 1153 3966 adducunt
1167 3930 1176 3984 3
1190 3917 1286 3992 atque
1296 3922 1332 3968 ut
1341 3925 1429 3972 mors

74 3980 261 4081 ipsa,ita&
275 3994 384 4066 morbi
395 4020 436 4067 ex
452 3994 507 4066 illa
531 3992 719 4067 confusione
739 4001 896 4069 oriuntur.
934 3999 1017 4084 Quae
1040 3997 1126 4062 enim
1148 3990 1228 4061 bene
1257 3996 1429 4068 constituta

71 4082 185 4153 vitam
201 4082 407 4164 &sanitatem
422 4115 571 4182 tuentur,
595 4094 706 4162 cadem
724 4088 855 4162 morbos
877 4100 908 4163 dt
927 4111 1068 4161 mortem
1086 4085 1243 4170 afferunt,
1256 4114 1333 4162 curn
1346 4092 1427 4162 ordo

71 4172 129 4246 ille
147 4189 346 4274 pervertitur,

119 4278 183 4349 111.
212 4281 291 4351 Hoc
304 4283 409 4384 ipsnm
420 4314 457 4361 ex
471 4293 509 4360 iis
522 4314 592 4385 quae
603 4287 686 4359 fasta
699 4285 1000 4382 suntexpcrimentir
1013 4280 1242 4355 confirmabat:
1258 4307 1426 4380 nunquam

72 4371 160 4439 enim
172 4370 259 4445 fasta
270 4380 312 4450 cll
329 4383 521 4474 transfusio,
537 4390 617 4481 quin
626 4380 777 4455 animalia
797 4381 935 4451 trtirrsla
950 4404 1005 4450 ant
1030 4373 1183 4451 sffocatn
1198 4379 1315 4450 suerint
1338 4438 1348 4464 ‚
1371 4403 1428 4452 aut

75 4470 161 4538 cene
173 4470 316 4546 mulnlm
328 4480 493 4554 debilitata
508 4509 544 4553 cx
559 4485 637 4552 novi
653 4478 809 4567 sanguinis
828 4476 1065 4567 coagulatione.
1092 4476 1173 4546 llltrd
1190 4475 1223 4548 fit
1244 4473 1425 4548 verofimile

72 4563 190 4635 animal
206 4577 299 4643 omni
311 4568 618 4674 sunguinetameito
630 4558 770 4647 fraudari
782 4600 847 4644 non
862 4568 947 4672 posse
957 4630 968 4661 ,
980 4582 1012 4647 dt
1023 4573 1314 4670 alienumexcipere
1325 4626 1336 4657 ,
1346 4576 1425 4645 citra

70 4654 176 4745 ‚ullum
192 4666 310 4741 virium
322 4693 379 4741 aut
387 4668 526 4747 sanitatis
541 4671 748 4770 dispendium.

106 4759 170 4851 lll-
193 4764 246 4839 Ae
258 4765 369 4880 nescio
385 4794 428 4845 an
444 4764 615 4872 quisquam
631 4768 690 4846 libr
706 4768 770 4845 hoc
791 4775 825 4845 in
836 4773 982 4849 animum
999 4769 1158 4859 inducat,
1180 4761 1331 4935 aenimaba
1349 4770 1422 4870 post

1187 4942 1192 4949 .
1255 4882 1278 4958 ll
