3646 5430
380 352 704 438 scansilia
739 364 1043 443 rrrsrortrn
1081 369 1236 446 unm·
1320 366 1336 375 ”
1415 370 1478 466 '²95

521 603 850 749 cirur-
961 619 1148 755 111.¹

563 866 620 933 De
637 849 739 933 rebus
761 851 1035 943 Mathematicis.

132 1025 155 1098 l.
173 1035 270 1204 H
288 1028 325 1101 ic
346 1049 447 1098 annus
473 1033 567 1100 novis
593 1027 865 1102 observationibus
878 1033 1108 1103 Astronomicis
1119 1030 1248 1131 insignis
1260 1034 1333 1109 fuit.
1376 1037 1477 1110 Anno

289 1137 372 1213 1690
395 1118 501 1193 mense
522 1123 698 1196 Decembri
713 1131 760 1198 D.
775 1122 895 1197 Caffini
910 1150 1009 1197 novas
1021 1132 1054 1198 in
1069 1128 1148 1221 Jove
1162 1132 1348 1202 maculas&
1364 1130 1476 1203 fascias

132 1215 352 1316 conspuent,
368 1241 449 1312 quas
469 1216 559 1289 brevi
580 1219 650 1316 post
661 1241 808 1319 tempore
828 1218 959 1316 publico
977 1219 1033 1292 scri
1058 1243 1094 1292 to
1112 1220 1282 1321 descripsit.
1306 1226 1404 1297 Unde
1424 1225 1474 1296 liae

132 1313 233 1388 nscia
247 1320 280 1386 dt
293 1311 424 1384 maculae
446 1317 478 1382 in
492 1314 580 1409 Jove
598 1314 776 1410 prodeant,
790 1317 909 1412 quidve
932 1314 999 1386 haec
1018 1343 1037 1412 p
1087 1339 1224 1388 nomena
1245 1344 1319 1390 cum
1339 1326 1376 1392 iis
1402 1347 1473 1415 quae

132 1411 264 1480 interra
275 1412 430 1478 cernimus
442 1405 579 1478 habeant
597 1432 770 1480 commune
786 1464 798 1496 ,
814 1430 973 1504 quantum
990 1408 1060 1482 fivit
1078 1407 1215 1503 subiecta
1236 1419 1368 1486 materia
1391 1417 1474 1486 adeo

132 1500 286 1589 abstrusa,
298 1499 450 1600 exposuit.
473 1499 629 1597 Quodsi,
646 1507 777 1599 inquit,
798 1501 914 1574 ecoelo
927 1503 1048 1575 telluris
1066 1500 1178 1573 orbem
1194 1513 1337 1578 contueri
1349 1509 1473 1596 liceret,

132 1601 283 1672 Oceanus
301 1617 390 1679 tetre
403 1595 612 1668 circumfusus
632 1595 698 1668 sere
718 1621 753 1668 ut
771 1605 875 1692 maior
889 1597 943 1668 illa
964 1598 1106 1670 australis
1123 1595 1218 1672 fascia
1266 1626 1313 1672 uae
1334 1603 1472 1699 globum

132 1695 218 1804 lpvis
232 1697 392 1789 integrum
408 1695 532 1786 cingit3
553 1715 640 1762 marc
662 1691 957 1782 Mediterraneum,
983 1698 1031 1765 uti
1054 1692 1223 1792 aliaeJovis
1241 1627 1345 1768 sisciae
1369 1704 1471 1772 intet-

132 1781 195 1860 :rsae
210 1843 222 1873 ,
237 1785 360 1882 reliqua
380 1811 480 1856 marra
501 1809 537 1856 ut
557 1794 696 1880 majores
714 1788 861 1881 quadam
884 1789 1014 1858 maculae
1025 1844 1036 1876 ,
1060 1786 1111 1858 sed
1129 1786 1269 1861 obscurae
1281 1794 1471 1870 viderentur.

132 1879 239 1954 lnsulae
257 1876 394 1980 speciem
416 1881 634 1966 macularum,
647 1876 698 1951 sed
711 1880 956 1978 splendidiorum
967 1909 1029 1981 prae
1038 1880 1067 1954 se
1077 1881 1219 1973 ferrent,
1235 1908 1346 1957 omnes
1353 1888 1471 1962 eaedem

132 1974 249 2076 Temper
269 1997 468 2074 apparerent.
499 1981 603 2048 Nives
615 1973 731 2138 epuibur
745 1981 881 2047 maxime
894 1998 984 2048 terrae
1003 2000 1105 2076 partes
1123 1982 1281 2052 interdum
1296 2001 1446 2077 teguntur
1455 2039 1470 2072 ,

132 2069 315 2171 splendidius
336 2071 466 2166 quidem
481 2069 610 2156 lumen,
639 2072 678 2138 ed
697 2068 841 2141 instabile
861 2094 1037 2169 regererent
1062 2098 1072 2143 ε
1096 2073 1184 2144 allus
1209 2083 1304 2147 maris
1326 2079 1469 2174 recipro-

132 2190 180 2239 :us
201 2175 236 2241 dc
260 2164 377 2237 crebtae
392 2168 618 2239 exundationes
639 2163 715 2235 alias
733 2162 862 2236 subinde
875 2165 1015 2238 maculas
1030 2173 1158 2239 interim
1174 2169 1387 2257 exhiberent,
1420 2176 1470 2244 in·

132 2265 220 2334 erim
235 2260 337 2332 oculis
350 2258 557 2333 subducerent
575 2288 584 2336 ε
613 2259 775 2356 postremo
800 2258 948 2332 nubes&
968 2286 1101 2361 vapores
1118 2264 1333 2362 atmosphaerae
1355 2266 1469 2338 nostrae

132 2351 237 2428 iscius
251 2355 421 2452 illasJovis
438 2381 475 2426 ac
488 2356 628 2430 maculas
640 2352 768 2451 fugaces
784 2361 818 2426 δι
837 2358 963 2426 incerte
980 2352 1087 2452 figure
1101 2362 1194 2428 variis
1215 2363 1346 2454 agitatas
1365 2367 1468 2440 moti·¹

132 2475 181 2524 sus
192 2473 370 2546 utcumque
386 2452 622 2529 adumbrarent.

169 2550 202 2619 Α
238 2543 323 2618 fone
335 2571 446 2617 omnes
466 2547 526 2619 illae
551 2548 742 2617 mutationes
765 2568 836 2639 quae
849 2545 982 2641 inJovis
993 2539 1094 2638 globo
1116 2562 1314 2633 cernuntur,
1341 2544 1386 2616 fin
1409 2549 1470 2620 ulis

132 2642 200 2732 [ον’
234 2644 317 2713 circa
328 2640 439 2711 Solem
456 2637 708 2714 revolutionibus
728 2693 739 2725 ,
759 2637 824 2708 hoc
849 2639 893 2708 est
915 2660 1118 2710 rrannorum
1132 2636 1257 2735 spatio,
1280 2661 1335 2712 aut
1355 2571 1469 2716 saltem

132 2738 223 2807 sertis
247 2757 311 2806 rem
334 2732 439 2806 oribus
458 2739 579 2831 periodi
602 2742 636 2824 83
650 2757 834 2822 annorum,
856 2757 921 2830 qua
938 2735 980 2829 Ju
1005 2735 1065 2801 iter
1082 2735 1230 2804 eumdem
1250 2757 1325 2806 cum
1338 2735 1414 2807 Sole
1426 2735 1470 2809 fi.

132 2854 197 2900 :um
216 2838 252 2904 dt
266 2825 311 2901 iis
341 2857 373 2901 m
395 2834 428 2900 in
451 2833 590 2903 zodiaci
610 2829 734 2930 punilis
752 2825 903 2915 obtinet,
925 2851 969 2898 eae
1009 2851 1043 2896 m
1057 2850 1191 2924 quoque
1203 2833 1394 2902 mutationes
1415 2856 1467 2903 re.

132 2945 298 2998 uerterent.
329 2927 615 3013 Quemadmodum
639 2947 709 3020 que
729 2930 763 2995 in
790 2945 872 2994 terra
895 2924 1085 2992 mutationes
1112 2927 1334 3020 contingunt,
1367 2950 1467 3001 certas

132 3017 240 3092 uberat
256 3021 494 3107 revolutiones,
508 3026 629 3117 quique
643 3021 661 3091 d
676 3020 762 3090 coelo
774 3043 891 3090 terram
903 3014 1119 3112 conspiceret,
1133 3016 1256 3089 easdem
1276 3020 1360 3092 statis
1380 3044 1467 3098 tem.

132 3111 253 3187 roribus
263 3118 392 3186 reduces
408 3139 621 3189 contueretur.
646 3119 728 3212 Qae
744 3110 874 3188 forsitan
889 3112 1080 3204 conjectura
1095 3135 1279 3218 temporum
1305 3111 1393 3212 lapsu
1416 3115 1470 3193 his

132 3205 341 3301 rhenomenis
357 3210 503 3286 nonnihil
515 3210 593 3282 lucis
604 3205 750 3285 afferent.

178 3310 239 3380 11.
268 3309 373 3378 Variae
392 3314 457 3398 ejus
475 3311 597 3403 generis
619 3309 809 3378 mutationes
829 3302 921 3399 hujus
935 3307 1009 3374 anni
1029 3295 1160 3373 decursu
1184 3307 1218 3374 in
1242 3306 1331 3401 Jove
1356 3313 1465 3380 conti*

132 3423 236 3500 prurit
259 3424 339 3496 quas
352 3397 478 3471 summo
497 3402 599 3471 studio
619 3398 796 3470 observavit
816 3408 859 3472 D.
878 3396 1011 3473 Callini.
1032 3403 1057 3468 E
1078 3397 1177 3468 tribus
1187 3396 1290 3468 fasciis
1302 3421 1373 3492 que
1387 3426 1467 3497 pro·

132 3506 193 3573 >ior
212 3499 259 3574 est
279 3518 391 3568 centro
412 3493 452 3564 ad
477 3501 613 3566 Boream
629 3493 798 3570 deflemus
820 3492 941 3588 semper
956 3490 1003 3560 sui
1023 3496 1151 3587 copiam
1174 3491 1251 3561 fecit
1271 3545 1282 3578 ,
1318 3516 1383 3562 non
1402 3492 1468 3563 sine

132 3598 234 3691 iliqua
257 3589 303 3663 sui
314 3593 504 3669 mutatione,
543 3595 624 3661 Duae
648 3593 682 3658 in
700 3586 755 3657 illa
777 3587 908 3662 maculae
927 3588 1008 3658 dD.
1027 3579 1157 3655 Caffino
1170 3579 1339 3654 observatae
1361 3584 1467 3659 mense

132 3686 411 3782 Osiobtissaeque
431 3681 654 3782 splendidiores
681 3710 690 3756 r
719 3679 775 3751 sub
795 3678 894 3752 finem
908 3686 981 3771 ,ejus
1005 3673 1118 3747 mensis
1135 3678 1202 3746 duae
1229 3676 1297 3748 aliae
1321 3673 1376 3749 ibi
1390 3704 1466 3750 mu·

132 3810 188 3863 tuo
211 3779 359 3881 oppofitae
374 3777 445 3851 visae
468 3779 563 3864 sunt,
608 3805 654 3849 uae
667 3808 686 3871 9
700 3777 851 3847 horarum
878 3770 979 3873 spatio
1004 3782 1038 3846 dt
1061 3798 1091 3867 51
1115 3776 1245 3842 minutis
1268 3767 1337 3842 suas
1357 3768 1465 3845 absol·

132 3877 245 3958 iebant
297 3876 415 3947 riodos.
442 3881 523 3948 Haet
548 3805 647 3947 fascia
684 3870 815 3944 aulatim
834 3869 997 3940 coutraila
1011 3867 1085 3953 est,
1111 3891 1186 3937 curn
1208 3868 1275 3939 duae
1297 3867 1466 3944 hincinde

132 3969 233 4052 ›olltae
287 3973 369 4041 erint
382 3970 575 4069 ampliores,
589 3901 683 4066 quas
689 3967 792 4040 media
810 3962 904 4038 fascia
914 3969 947 4035 in
958 3960 1073 4035 aliasse
1084 3961 1299 4036 seeffirnderet
1316 3973 1350 4037 δι
1364 3991 1467 4038 exun-

132 4081 224 4148 latet.
244 4063 311 4137 Sub
323 4062 419 4134 finem
436 4063 571 4159 ejusdem
584 4062 697 4136 mensis
709 4091 728 4151 7
741 4087 795 4134 aut
808 4067 825 4143 8
838 4058 943 4138 versus
960 4060 1110 4131 Austrum
1125 4058 1262 4132 obscurae
1272 4068 1305 4134 dc
1318 4058 1374 4134 fibi
1385 4088 1466 4163 pro-

132 4177 216 4243 timae
228 4158 331 4234 fasciae
343 4156 399 4232 sub
412 4157 617 4256 conspedlum
630 4182 754 4230 venere.

174 4266 255 4334 111.
279 4253 456 4350 Qibusex
468 4253 563 4330 causis
575 4280 618 4327 eae
631 4250 732 4324 fascia
746 4253 871 4352 prodire
887 4257 1048 4351 potuerint
1066 4246 1179 4336 ,fimul
1196 4259 1229 4322 dc
1249 4251 1311 4323 alia
1334 4255 1367 4319 in
1377 4252 1465 4346 Jove

132 4361 347 4432 ilraenomena,
362 4374 461 4421 novas
472 4351 582 4420 itidem
592 4347 729 4420 maculas
742 4357 892 4421 &earum
907 4345 1121 4417 revolutiones
1132 4344 1373 4436 conjtslurisest
1389 4368 1465 4441 per-

132 4450 250 4528 icutus
272 4470 370 4544 ,qua
388 4443 518 4546 pulchri
535 4470 572 4516 ex
598 4465 735 4518 onunrur
751 4450 784 4514 in
809 4445 899 4514 Aeris
914 4438 1176 4535 menfisjanuarii
1197 4444 1272 4509 anni
1292 4454 1389 4528 1692,
1408 4434 1464 4515 ubi

132 4575 234 4628 :actim
250 4544 357 4639 figurae
369 4564 441 4639 apte
452 4539 521 4610 sunt
533 4472 693 4609 delineata
707 4563 715 4609 :
729 4535 798 4609 satis
816 4536 908 4608 nobis
921 4537 1017 4607 suerit
1028 4537 1084 4605 ista
1095 4535 1206 4605 leviter
1222 4535 1368 4629 attigisse.

170 4651 242 4716 IV.
284 4636 365 4708 lllud
386 4659 485 4706 tinum
500 4629 665 4728 subjiciam
685 4656 725 4701 eo
738 4633 813 4704 loco
826 4656 1015 4703 annotatum
1027 4687 1039 4719 ,
1049 4650 1121 4700 ante
1138 4653 1256 4699 annum
1272 4641 1352 4719 1690
1367 4652 1466 4701 novas

132 4747 258 4851 ¹injove
271 4727 352 4835 visas
366 4726 666 4836 uonellemaculu.
689 4728 1078 4833 TuruvetoJupiteterat
1093 4720 1264 4804 Perihelius
1284 4777 1299 4817 ,
1323 4720 1378 4826 seu
1396 4721 1467 4809 Soli

1498 445 1613 541 Astron

1495 564 1578 634 nom,
