3646 5430
389 312 713 393 nonnanis
748 320 1090 400 rrrsronrn..
1137 328 1229 408 ιιι.
1251 336 1280 409 ι.
1472 361 1520 436 ιι,

1536 436 1640 502 Bota-

1537 553 1620 609 nitu,

562 649 891 735 CAPUT
1011 657 1102 744 11.

486 873 542 940 De
570 860 781 973 plantarunt
805 856 945 941 viribus
969 865 1198 977 indagandis.

174 1075 198 1152 l,
224 1068 384 1264 QUae
398 1072 482 1142 circa
496 1068 638 1165 stirpium
648 1068 729 1139 vires
739 1064 779 1141 ab
794 1063 988 1141 notioribus
1007 1081 1172 1148 memoria
1184 1076 1310 1176 prodita
1325 1073 1524 1181 sunt‚longi

326 1164 524 1239 utilifflmum
543 1165 627 1236 foret
648 1157 729 1233 serio
752 1169 890 1235 examini
913 1162 1091 1260 subjicere3
1112 1198 1184 1268 φιτ
1207 1198 1280 1243 vera
1300 1166 1399 1263 sunt,
1424 1202 1522 1274 expe.

173 1272 315 1342 rimeutis
325 1260 420 1331 confir
430 1288 538 1344 mare,
554 1253 628 1330 falsa
643 1257 785 1330 refellere
801 1315 812 1345 ‚
835 1257 966 1330 confusa
977 1263 1193 1360 distinguere,
1216 1292 1286 1363 φιτ
1299 1271 1429 1341 demum
1450 1298 1522 1342 cer.

175 1389 212 1438 ta
228 1356 297 1431 sunt
305 1415 318 1448 ,
340 1356 383 1427 ab
398 1362 526 1429 incertis
541 1376 595 1423 aut
609 1351 709 1423 dubiis
725 1351 905 1441 secernere,
925 1355 1005 1426 nihil
1024 1379 1143 1430 temere
1162 1358 1333 1438 affirmare.
1351 1369 1433 1463 Qrae
1446 1391 1522 1435 om-

175 1457 332 1532 „honre
360 1463 393 1524 δι
414 1447 646 1547 ειιειιπιΐριᾶὲ
668 1445 737 1518 sunt
768 1449 998 1540 dijudicanda:
1030 1449 1172 1528 habenda
1202 1463 1287 1528 enim
1312 1461 1355 1528 est
1377 1466 1458 1531 ratio
1486 1471 1521 1533 ὅ(

177 1554 378 1645 temporis&
401 1552 550 1646 regionis.
579 1548 669 1615 Nam
697 1538 763 1613 fieri
786 1541 944 1612 interdum
996 1546 1075 1615 otest
1100 1605 1110 1635 ,
1133 1574 1168 1621 ut
1219 1552 1309 1626 lanrae
1331 1579 1368 1623 ex
1390 1555 1462 1625 As„
1484 1566 1520 1628 ὅ(

175 1650 286 1736 crecia
308 1648 344 1713 in
356 1638 412 1711 has
428 1648 571 1739 regiones
586 1636 750 1736 asportata
773 1632 900 1709 eosdem
923 1664 939 1706 e
988 1642 1056 1710 Cius
1078 1648 1111 1713 in
1137 1581 1269 1725 Gallia,
1289 1671 1386 1744 atque
1403 1657 1436 1721 in
1458 1652 1521 1721 illis

204 1743 343 1810 ovinci'rs
357 1764 425 1808 noo
446 1759 634 1833 procreent,
661 1736 749 1826 quod
767 1733 850 1803 aliud
872 1727 909 1805 fit
923 1735 1050 1804 vivendi
1061 1762 1160 1834 genus
1176 1747 1210 1812 in
1224 1741 1349 1815 diversis
1376 1751 1518 1842 regioni.

167 1769 243 1920 biis,
266 1833 339 1903 alix
354 1835 500 1931 llirpium
522 1835 615 1902 sires.
653 1828 736 1896 lllud
764 1851 896 1925 quoquc
925 1833 1032 1927 potuit
1059 1840 1245 1935 contingere
1266 1861 1301 1910 ut
1323 1846 1520 1939 preparandi

164 1931 280 2006 modos
292 1952 413 1998 veteres
428 1925 551 1998 silentio
565 1919 825 2021 praetermiserint

218 2031 275 2100 ll.
314 2024 397 2120 Qiae
420 2023 515 2091 dubia
545 2015 615 2088 sunt
645 2028 677 2088 in
702 2014 848 2091 humanis
870 2019 1060 2118 corporibus
1086 2027 1220 2120 experiri
1237 2053 1305 2099 non
1324 2029 1419 2118 licet,
1444 2051 1521 2104 cum

168 2149 212 2197 res
234 2118 303 2218 ipsa
318 2117 463 2212 periculo
483 2142 549 2185 non
572 2138 663 2185 vacet
685 2139 694 2183 ι
716 2108 767 2184 sed
788 2110 843 2184 ubi
862 2139 959 2185 omne
976 2111 1063 2184 abest
1084 2119 1278 2214 periculum,
1297 2150 1364 2196 non
1378 2132 1438 2198 crit
1450 2130 1520 2196 inu·

167 2221 219 2290 tile
244 2215 348 2286 multa
361 2219 383 2285 ir
397 2211 557 2283 veteribus
571 2212 683 2279 tradita
698 2214 831 2303 experiri
853 2246 862 2299 3
888 2235 929 2279 an
952 2237 984 2283 v.
1002 2235 1049 2318 gr·
1067 2216 1170 2282 radice
1192 2225 1334 2312 paeonip,
1351 2244 1406 2292 aut
1431 2220 1520 2292 visco

168 2317 322 2409 quercino
335 2306 497 2406 Epilepfiae
515 2295 693 2404 paroxysmi
705 2301 859 2376 fistautur.
890 2309 942 2375 De
961 2304 1140 2390 allusero,
1163 2313 1196 2378 in
1213 2311 1327 2404 quibus
1343 2317 1518 2412 periculosa

167 2410 208 2479 cll
224 2410 421 2502 experientia
437 2458 447 2488 ,
474 2428 509 2472 ut
522 2403 560 2470 de
576 2396 808 2497 purgantibus,
825 2405 997 2470 narcoticis
1014 2407 1047 2469 δι
1059 2399 1127 2471 aliis
1137 2398 1290 2476 similibus
1303 2433 1393 2482 caute
1405 2421 1438 2484 &
1454 2419 1517 2483 cir-

169 2499 350 2597 cumspeffl:
371 2500 538 2596 agendum.
849 2575 852 2583 .
1085 2570 1089 2575 ⁵

209 2602 334 2670 Unum
345 2594 421 2664 illud
443 2593 534 2664 restat
548 2617 583 2664 ut
597 2595 688 2689 periti
709 2591 831 2660 Medici
852 2592 890 2660 iis
906 2589 946 2660 de
971 2586 1065 2659 rebus
1079 2594 1174 2660 variis
1194 2596 1227 2662 in
1246 2593 1324 2665 locis
1349 2595 1519 2669 consulan-

174 2714 224 2764 tur
245 2701 280 2762 &
294 2689 372 2782 quid
388 2694 575 2783 experientia
596 2709 798 2782 compertum
818 2682 954 2756 babeant
967 2741 977 2771 ,
992 2681 1033 2754 ab
1058 2688 1096 2754 iis
1115 2687 1305 2759 edoceamur
1324 2727 1335 2780 3
1358 2716 1413 2764 aut
1432 2698 1519 2766 cerr&

175 2794 204 2859 in
226 2786 329 2857 bruris
346 2809 382 2854 ea
402 2779 470 2854 sunt
487 2782 632 2853 iacienda
654 2785 868 2878 experimenta
893 2807 902 2850 ι
931 2775 1054 2851 tametsi
1084 2805 1149 2851 non
1181 2784 1362 2857 dubitamus
1384 2793 1517 2860 eandem

171 2908 232 2953 non
254 2881 318 2951 elle
343 2878 512 2949 brutorum
538 2902 636 2975 arque
665 2879 834 2945 bominum
854 2878 1044 2962 rationem,
1065 2899 1139 2946 cum
1168 2878 1208 2948 de
1224 2881 1367 2976 llicpiutn
1396 2885 1516 2957 viribus

205 3002 282 3049 rtur.

170 3002 204 3076 ag
220 3073 285 3142 Sed
304 3095 411 3168 neque
429 3068 508 3141 illud
521 3068 633 3141 inutile
647 3063 791 3136 futurum
809 3067 852 3136 cll
873 3066 1051 3163 plantarum
1066 3064 1154 3138 dotes
1167 3065 1275 3141 habita
1287 3076 1403 3143 artium
1415 3083 1517 3148 rario-

171 3172 375 3267 neexperiri,
390 3191 445 3238 tut
458 3191 557 3238 novas
568 3166 711 3260 detegere
723 3186 795 3257 φιτ
815 3159 1025 3234 inse-&oribus
1044 3161 1267 3264 ‚pibloribus,
1292 3173 1325 3236 ἃ
1347 3169 1415 3241 aliis
1435 3199 1515 3269 pro·

169 3263 222 3336 fint
233 3261 424 3336 artificibus.

214 3366 310 3433 lll.
358 3359 541 3431 Plantarum
569 3361 651 3429 vires
670 3382 707 3427 er
726 3351 1207 3454 tenrperamentis&s'aporibus
1226 3355 1422 3454 potissimum
1437 3390 1516 3462 cog-

168 3450 251 3526 nosci
276 3478 399 3526 veteres
423 3456 612 3548 judicarunt.
660 3451 798 3523 Galenus
818 3455 854 3519 iis
884 3454 1043 3522 interdum
1065 3453 1152 3521 addit
1185 3457 1323 3547 partium
1357 3451 1516 3530 subtilita-

169 3575 263 3638 tem,
293 3575 352 3620 aut
388 3545 557 3618 crallirrcm
592 3559 625 3623 δι
658 3550 849 3642 praecipuam
878 3545 1052 3636 aliquando
1084 3570 1192 3614 earnm
1225 3543 1349 3614 caufirm
1383 3549 1477 3621 affert
1505 3612 1517 3639 ‚
1598 3558 1601 3565 '

170 3650 326 3744 quandam
342 3643 516 3714 substantia
535 3651 789 3744 proprietatem,
812 3646 901 3732 cujus
925 3638 1027 3707 ideam
1053 3637 1171 3708 claram
1193 3647 1225 3711 &
1246 3639 1425 3711 dirirnceam
1449 3648 1517 3715 nul.

171 3742 230 3813 lem
251 3740 378 3813 habuit.

225 3844 292 3912 lV.
328 3835 414 3906 lllud
432 3835 523 3908 nobis
542 3843 597 3908 vix
622 3834 743 3936 sperare
772 3832 847 3902 licet
872 3831 942 3903 fore
961 3854 996 3901 ut
1025 3829 1205 3928 plantarum
1226 3834 1307 3900 vires
1336 3857 1390 3923 per
1410 3838 1518 3910 causas

173 3931 241 4005 suas
251 3932 422 4003 babeamus
434 3933 610 4028 exploratas
630 3968 640 4018 3
661 3957 700 4001 ac
722 3924 950 4000 difficillimum
962 3927 1036 4000 eller
1058 3929 1181 4023 plantas
1204 3931 1238 3995 in
1263 3920 1365 4024 seipsis
1385 3935 1517 4030 cognos.

172 4052 257 4101 occe.
278 4033 365 4100 Nam
379 4049 415 4095 ut
435 4027 512 4097 nihil
532 4029 615 4098 aliud
637 4027 710 4098 ellet
738 4029 771 4093 in
793 4049 899 4094 rerum
919 4047 1030 4094 natura
1053 4046 1163 4120 praeter
1178 4025 1343 4096 materiam
1362 4039 1394 4101 ὅ(
1417 4056 1517 4124 gene.

169 4122 252 4195 tales
264 4119 563 4205 illiusafficn'mes,
587 4146 708 4195 meatus
726 4143 857 4215 quoque
870 4142 925 4191 aut
939 4119 1049 4216 plenos
1068 4141 1122 4186 aut
1143 4123 1250 4188 inanes
1269 4174 1280 4203 ,
1302 4148 1339 4192 ac
1353 4125 1445 4192 nullae
1467 4125 1517 4194 es·
1583 4137 1585 4143 '

166 4217 236 4288 sent
250 4212 392 4306 distincte
407 4217 572 4307 qualitates
586 4244 694 4289 earum
717 4220 947 4314 proprietatum
964 4269 974 4296 ,
997 4239 1056 4283 nec
1068 4209 1181 4281 formae
1194 4211 1235 4282 ab
1253 4217 1291 4284 iis
1310 4218 1516 4313 qualitatibus

166 4314 305 4407 sectere,
324 4337 359 4382 ut
381 4310 482 4382 visum
511 4316 555 4383 cst
579 4311 733 4412 plerisque
753 4305 953 4405 Philosophia
970 4333 1044 4379 cum
1063 4305 1239 4394 veteribus,
1264 4331 1334 4380 tum
1356 4321 1515 4385 recensio.

167 4411 280 4498 ribus,
306 4413 453 4506 proxima
471 4433 580 4480 tamen
599 4434 668 4480 tum
688 4401 929 4498 uniuscujusque
946 4403 1058 4502 planta:
1079 4464 1089 4492 ‚
1112 4427 1182 4474 tum
1201 4410 1245 4474 rei
1272 4412 1304 4475 in
1335 4434 1431 4504 quam
1449 4418 1517 4481 vim

166 4505 252 4578 suam
265 4509 391 4589 exerit,
410 4510 584 4599 principia,
603 4526 699 4599 atque
711 4501 827 4570 horum
844 4502 979 4597 figuras,
1005 4502 1127 4584 moles,
1155 4523 1281 4582 motus,
1302 4511 1518 4576 connexiones

168 4628 239 4674 cum
258 4597 358 4672 caufis
378 4598 577 4694 generalibus
596 4592 745 4694 cognosci
767 4619 930 4693 oporteret
952 4653 961 4677 ,
984 4621 1018 4667 ut
1042 4623 1097 4695 per
1118 4593 1222 4666 causas
1243 4596 1310 4664 snas
1336 4599 1518 4693 plantarum

164 4702 257 4773 dotes
282 4689 453 4797 perspebbt
474 4688 675 4768 haberentur.
708 4697 789 4791 Qae
817 4698 925 4768 omnia
948 4699 1049 4792 magis
1073 4690 1145 4764 sunt
1176 4691 1453 4859 involurnpq‘uirm
1482 4722 1518 4766 nt

756 4832 760 4842 .
1366 4814 1389 4882 ι]
