3646 5430
313 306 697 386 'ACADEMIAE
740 319 1079 396 HISTORIA.
1115 325 1231 401 ltnl.
1401 350 1415 398 r

68 409 174 488 inbre
190 465 201 488 ,
216 405 382 480 interdum
394 411 493 503 nigrae
505 431 687 505 appareant.
714 416 813 485 Hanc
833 414 1037 490 ferrivenam
1056 443 1131 491 cum
1148 446 1205 516 pet
1224 418 1357 492 biduum
1377 359 1437 497 soli
1452 421 1543 518 chy:

67 500 285 606 exposuilset,
306 501 415 574 mollis
434 504 529 572 instat
547 527 582 571 ar
608 503 668 574 'llae
685 531 771 604 aqua
789 511 897 583 dilutae
957 511 1087 584 rmansrt
1107 543 1115 586 ε
1150 514 1202 586 sed
1225 514 1376 591 calicrata
1396 524 1435 593 ad
1451 520 1547 597 nica.
1571 592 1574 599 ,

68 610 182 704 ignem
196 599 323 672 ferrum
338 527 616 686 redolebat-,fuid
905 537 956 678 ἐξ

635 602 722 673 velut
746 598 882 677 scotiam
956 611 982 676 ti
1005 605 1149 685 exhibuit
1177 639 1186 682 τ
1211 636 1337 684 cumea
1361 615 1437 690 ferri

70 726 151 770 rena
173 694 309 769 mollior
328 695 396 780 est,
417 700 451 766 dc
473 718 557 788 aqua
575 694 728 784 diluitur,
752 719 824 771 rum
837 698 975 800 speciem
994 728 1057 801 pra:
1080 703 1111 777 se
1138 708 1201 782 fert
1223 732 1360 779 amurca
1381 736 1439 786 aut

69 795 146 868 ficis
168 794 247 867 olei.
271 791 344 866 Ubi
357 787 553 860 a'c'ridiurius
574 797 768 900 exponitru,
783 797 894 868 durior
907 801 1036 884 evadit,
1057 808 1092 869 δε
1116 809 1263 902 ingrana
1287 808 1437 880 concres-

70 896 112 964 cit
126 949 137 978 ‚
149 894 209 988 qui
225 888 350 960 nullam
363 890 431 955 vim
446 888 540 980 aquis
552 885 708 961 tribuunt.
740 895 851 988 Qare
865 900 1008 990 primum
1020 895 1100 967 illud
1112 924 1168 970 ens
1179 896 1255 970 ferri
1268 907 1360 994 aquis
1370 908 1445 983 aci„

71 989 207 1061 ditarem
223 983 362 1084 praebere
376 981 503 1081 potest,
520 1004 627 1077 neque
646 983 767 1057 necesse
781 988 825 1056 est
845 989 885 1059 ad
900 989 1067 1062 vitriolum
1086 995 1136 1066 vel
1159 994 1287 1066 alumen
1315 998 1434 1069 confu-

70 1108 157 1181 gere.
197 1080 368 1153 Mineralia
382 1102 481 1174 porto
496 1085 532 1150 dt
545 1075 622 1147 ferri
634 1103 724 1152 renae
745 1089 903 1179 imprimis
915 1092 1007 1184 aquis
1030 1096 1271 1162 communicare
1305 1093 1435 1188 poliunt

70 1180 121 1250 vel
133 1181 260 1278 spiritus
279 1173 435 1275 quosdam
449 1173 614 1262 volatiles,
632 1181 693 1268 qui
705 1178 828 1252 olfadlu
842 1188 1081 1280 percipiuntur,
1105 1209 1160 1257 aut
1182 1183 1292 1261 succos
1309 1212 1432 1290 coago.

70 1272 209 1362 labiles,
227 1279 283 1371 qui
298 1274 411 1370 sapore
425 1264 569 1367 dignosci
586 1269 733 1367 possunt,
751 1284 785 1349 δι
800 1281 832 1346 in
852 1279 1002 1374 crystalos
1020 1288 1123 1353 varias
1145 1281 1328 1355 formantur
1349 1322 1359 1376 5
1377 1286 1428 1358 vel

71 1393 212 1537 tsetreffir
232 1368 403 1469 particulas
423 1422 434 1454 ,
454 1390 525 1462 quae
542 1365 754 1442 calcinatione
773 1380 807 1446 dc
824 1374 1010 1447 reductione
1023 1377 1063 1449 ad
1084 1376 1251 1451 flammam
1273 1381 1429 1481 lampadis

91 1489 110 1535 e
143 1495 156 1536 r
200 1489 271 1538 unt.

114 1496 170 1633 rita
179 1555 317 1658 quidem
326 1558 421 1657 paulo
430 1555 526 1630 fustus
538 1557 559 1629 d
571 1557 665 1631 nobis
676 1559 748 1634 sunt
759 1564 914 1662 expofita,
929 1570 1019 1666 qutid
1038 1596 1075 1642 ea
1088 1597 1157 1643 non
1173 1570 1233 1643 lint
1252 1573 1376 1644 inutilia
1388 1578 1428 1650 iia

71 1658 284 1755 nntligendis
299 1680 369 1753 qrrae
384 1654 540 1753 posteade
554 1680 712 1752 aquarum
723 1659 926 1734 mineralium
945 1672 1092 1738 examine
1111 1670 1145 1737 in
1168 1670 1346 1741 Academia
1358 1678 1431 1746 non'

67 1755 269 1850 indiligenter
280 1749 758 1848 fastoposteadiclurisumtu.
1437 1824 1442 1836 ,

107 1859 153 1926 V.
185 1847 351 1921 Prodietat
362 1871 462 1962 nuper
472 1851 507 1916 in
525 1844 694 1945 publicum
708 1845 825 1918 nobilis
849 1852 965 1950 Angeli
990 1861 1037 1928 D.
1067 1859 1169 1953 Boyle
1202 1862 1241 1929 de
1262 1863 1308 1930 hir
1328 1859 1436 1932 discis·

64 1948 160 2047 plinis
178 1944 304 2043 optimi
317 1949 424 2015 meriti
439 1944 593 2014 tradatur
612 1943 651 2011 de
674 1939 853 2016 formatum
869 1953 1017 2045 origine,
1038 1954 1072 2020 in
1093 1976 1162 2047 quo
1176 1951 1279 2024 multa
1301 1954 1341 2024 de
1363 1952 1426 2029 sale

67 2044 236 2140 quodam,
257 2051 355 2138 quem
370 2059 468 2111 vocat
479 2035 666 2109 anomalum
677 2093 688 2124 ,
700 2035 848 2113 ediiserit.
861 2047 929 2113 Hic
944 2049 1106 2141 utiqueex
1118 2045 1188 2117 aliis
1201 2044 1316 2118 salibus
1332 2076 1434 2124 com·¹

64 2144 223 2238 ponitur,
238 2133 429 2234 ssporetam
444 2133 550 2222 dulci,
567 2155 603 2203 ut
618 2133 709 2204 nullo
731 2141 757 2206 ia
778 2132 862 2226 sale,
887 2136 939 2209 vel
958 2140 1051 2211 acido
1069 2196 1080 2227 ,
1098 2141 1149 2213 vel
1170 2142 1345 2240 sulphureo
1359 2151 1424 2218 im·

65 2257 228 2321 tnurctur,
241 2256 296 2303 aut
310 2234 513 2316 destructum
534 2231 695 2299 violarum
711 2230 831 2335 [yrupo
850 2258 911 2305 nec
933 2233 1066 2306 rubrum
1095 2237 1264 2327 colorem,
1282 2263 1317 2311 ut
1337 2245 1423 2314 acidi

64 2323 159 2410 files,
185 2355 245 2400 nec
262 2333 399 2400 viridem
418 2325 569 2406 confert,
594 2329 642 2395 uti
654 2323 730 2399 sales
742 2328 863 2416 alerii,
879 2352 935 2401 aur
948 2327 1107 2428 sulphurei
1131 2359 1140 2404 :
1169 2340 1215 2405 vis
1241 2358 1350 2407 tamen
1376 2338 1422 2408 il-

64 2423 122 2496 lint
134 2432 168 2496 in
181 2421 383 2496 dissolvendo
396 2427 535 2494 maxima
556 2423 610 2493 est.
649 2428 732 2519 Qris
751 2450 830 2494 vero
847 2425 902 2494 ille
917 2423 978 2511 fit,
1003 2434 1037 2496 dt
1088 2453 1129 2497 ua
1155 2434 1277 2499 ratione
1318 2456 1420 2528 nepa.

64 2544 171 2611 retur,
194 2522 267 2591 aliis
283 2517 661 2616 divinandumrelinquit.
700 2523 778 2590 Hoc
799 2453 1261 2616 utiqueaenigmalolvendum
1286 2457 1370 2594 lisce
1395 2531 1422 2598 ie

66 2620 109 2687 D·
122 2619 169 2687 dn
187 2617 292 2700 Cios,
316 2613 496 2713 ipfiilimum
507 2606 604 2685 salem
619 2610 679 2684 effe
694 2610 891 2713 suspicatus,
913 2639 1012 2712 quem
1036 2639 1074 2685 ex
1087 2620 1296 2712 Qrtrcetano
1321 2552 1421 2690 teAEtt

65 2713 243 2783 Scrodertrs
266 2733 357 2781 tomo
380 2739 409 2784 2.
447 2714 644 2808 Qercetani
661 2712 793 2781 redivivi
815 2737 846 2808 p·
870 2725 943 2803 693.
960 2706 1030 2781 salis
1055 2717 1210 2784 nimirum
1237 2718 1428 2786 communia

60 2808 230 2904 crystallus
241 2807 349 2878 dulces
362 2833 434 2905 quae
447 2831 510 2906 ope
528 2811 611 2878 aceti
631 2831 668 2877 ex
681 2808 775 2878 melle
787 2807 865 2879 faoi
880 2831 1105 2906 praeparantur·
1136 2815 1243 2900 Hujus
1264 2805 1336 2880 salis
1350 2817 1420 2883 mi·

65 2909 255 2984 taarirtutes
274 2909 307 2976 in
322 2906 470 2994 curandis
483 2899 630 2988 morbis,
650 2908 719 2973 imo
745 2903 767 2975 fi
792 2909 821 2974 ei
843 2904 1026 2989 credimus,
1054 2911 1087 2975 in
1113 2927 1193 2976 auto
1216 2905 1417 2979 dillolvendo

63 2999 206 3085 extollit,
222 3024 320 3098 atque
335 3005 374 3072 iis
386 2996 513 3071 dotibus
528 3021 608 3092 quat
627 3003 671 3072 D.
690 3001 792 3098 Boyle
812 2998 869 3071 suo
889 2995 943 3068 sali
964 3003 1120 3071 anomalo
1139 2999 1280 3088 tribuit,
1304 3009 1425 3074 omni--

63 3116 105 3163 no
121 3097 269 3190 praeditus
281 3100 419 3167 viderur.
444 3100 490 3165 Ex
503 3097 539 3163 iis
551 3096 676 3167 constat
694 3119 767 3192 qm
786 3091 861 3166 sarisa
878 3097 1056 3167 admodum
1081 3093 1154 3168 sunt
1175 3106 1209 3170 dc
1222 3098 1323 3183 acida,
1338 3123 1414 3170 cum

63 3191 160 3260 irnec
174 3187 266 3262 salsus
279 3190 316 3264 srt
336 3217 396 3264 nec
410 3190 541 3277 acidus,
563 3215 623 3262 nec
640 3216 725 3264 acer.
751 3198 830 3264 Hoc
850 3185 992 3286 utrisque
1009 3216 1184 3264 commune
1203 3193 1272 3279 est,
1293 3215 1328 3263 ut
1343 3190 1416 3264 fun·

63 3287 91 3355 di
103 3285 203 3358 facile
215 3288 334 3386 pofftnt
345 3347 355 3376 ,
368 3297 403 3362 dc
416 3294 449 3378 in
467 3292 541 3356 a'c're
551 3287 644 3357 inibat
660 3286 728 3357 salis
741 3291 851 3359 tartari
864 3284 978 3357 resolvi
993 3314 1003 3358 r
1017 3283 1176 3361 sublimati
1192 3292 1347 3359 Mercurii
1359 3285 1412 3358 so.

62 3378 219 3456 lurionem
232 3411 299 3456 non
350 3389 535 3483 aecipitant3
557 3380 1140 3477 inspirituvinifacilddilsolvuntur,
1156 3390 1238 3457 inter
1261 3379 1414 3456 suessul-

61 3476 197 3575 flrurcos
209 3490 242 3552 dc
254 3413 565 3554 acirlismediol'unt
577 3477 653 3549 loco
665 3482 841 3554 constituti.

108 3576 202 3647 Alios
210 3575 273 3647 elle
283 3574 362 3647 sales
373 3570 490 3672 eosque
497 3575 606 3645 dulces
614 3579 716 3670 quiex
732 3575 825 3646 rebus
842 3575 1018 3647 acrioribus
1028 3573 1198 3647 eliciuntur
1218 3632 1227 3661 ,
1250 3579 1283 3642 in
1300 3574 1413 3644 eadem

62 3669 275 3743 differtatione
288 3673 440 3743 admonet
456 3677 502 3745 D.
516 3675 561 3742 du
572 3668 663 3743 Cios.
689 3677 734 3743 Ex
744 3693 828 3767 aqua
841 3670 920 3742 forti
931 3667 1073 3770 plumbo
1085 3672 1229 3741 mirrcrali
1249 3664 1348 3741 affusa
1368 3665 1411 3741 sal

67 3765 157 3838 dulcis
166 3767 292 3840 extrahi
304 3766 395 3854 solet,
407 3792 479 3862 quo
488 3768 674 3839 animalium
683 3792 792 3838 carnes
804 3773 997 3867 incorrupta
1013 3761 1250 3840 conservantur.

115 3866 182 3935 lilia
195 3888 332 3962 quoque
343 3868 560 3962 experimenta
576 3868 598 3936 ὲ
615 3870 661 3937 D.
675 3870 723 3936 lio
746 3863 776 3935 lc
790 3860 953 3963 proposita
962 3868 996 3934 in
1008 3862 1119 3933 eadem
1135 3861 1415 3936 differtationeex-

60 3961 175 4052 pendit
184 3985 253 4057 qua
267 3961 403 4060 longum
414 3963 490 4033 edet
502 3959 619 4035 referte
633 4019 644 4050 ,
659 3971 693 4036 δι
766 3961 912 4032 instituto
921 3961 1062 4032 alienum
1076 4015 1087 4047 ,
1113 3984 1187 4030 curn
1200 3961 1320 4033 adrem
1340 3986 1418 4034 mea

58 4051 208 4125 tallicam
218 4056 368 4154 [pestem.
385 4061 551 4150 Quocirca
564 4059 603 4129 ad
616 4056 760 4129 faciliora
773 4063 990 4156 experimenta
1003 4082 1058 4155 per
1078 4081 1182 4129 amus.

107 4149 200 4222 lllud
254 4146 356 4225 'mrim
369 4158 510 4225 occurrit
524 4155 612 4251 quod
627 4160 669 4225 D·
691 4154 734 4223 du
751 4153 833 4226 Cios
854 4158 888 4223 in
912 4177 995 4247 aqua
1016 4079 1148 4246 rniprda
1171 4152 1325 4225 exhibuit.
1368 4158 1416 4224 lia

58 4248 196 4343 quidem
213 4178 297 4319 liin
310 4252 417 4322 calore
427 4250 570 4321 extillata
581 4248 644 4321 fuir
658 4274 697 4320 ex
714 4250 854 4347 quadam
867 4246 1061 4344 mucilagine
1079 4270 1178 4340 quarn
1200 4250 1330 4342 quidam
1345 4245 1414 4318 flo-

60 4367 127 4412 rtnr
139 4369 254 4430 terrac,
268 4346 318 4418 alii
330 4347 449 4418 llnrcm
460 4345 540 4418 coeli·
549 4347 722 4446 appellant.
741 4349 868 4429 Haecin
882 4349 972 4415 terris
983 4342 1203 4413 incultiscirca
1215 4348 1413 4430 aequitrocria

58 4440 127 4531 post
143 4442 290 4540 pluviam
301 4443 581 4542 mandrolligitur
595 4450 677 4514 inter
693 4441 804 4512 herbas
819 4449 852 4513 dc
868 4435 1013 4512 muscum
1031 4471 1041 4527 3
1061 4443 1199 4510 interdiu
1211 4436 1383 4509 exsiccatur
1395 4488 1413 4514 ,

56 4561 95 4609 ac
107 4533 270 4630 strpttlunt
283 4535 414 4611 tantum
435 4539 661 4612 membranula:
675 4565 754 4638 quas
766 4559 878 4610 ventus
890 4535 956 4606 lruc
972 4534 1048 4606 illuc
1062 4536 1191 4629 disjicit.
1223 4539 1318 4629 Aqua
1344 4530 1411 4599 lcni

53 4637 231 4706 admodum
242 4638 353 4708 calore
363 4640 398 4708 in
408 4635 523 4708 balneo
533 4663 569 4708 ex
583 4663 619 4707 ea
632 4637 823 4734 mucilagine
837 4630 1008 4719 distillata,
1023 4632 1128 4727 gustus
1137 4631 1257 4723 judicio
1269 4629 1405 4695 omnino

51 4731 99 4804 est
113 4729 250 4835 iolipida
267 4760 281 4812 a
298 4759 336 4811 ca
349 4755 461 4807 tameo
480 4731 685 4839 dublimatrrm
707 4735 903 4810 mercurium
922 4731 957 4806 in
976 4752 1061 4828 aqua
1077 4724 1212 4824 limpida
1228 4718 1413 4797 exsulum»
