3646 5430
311 350 636 431 'acinetum
696 352 1030 433 HISTORIA.
1070 355 1194 433 [nd.
1373 371 1413 460 '95

58 454 133 531 lune
151 448 382 553 perfringunt,
397 477 462 548 qua
484 476 572 551 parte
590 453 634 522 est
658 450 816 540 debilior,
843 458 922 550 quin
943 462 977 526 δε
994 480 1049 525 vas
1066 451 1170 550 ipsum
1190 450 1388 556 distumpunt
1398 514 1410 547 ‚
1424 454 1542 554 Phyfi.

55 553 75 625 fi
82 553 214 651 glacies
234 544 429 647 superposita
449 546 567 620 furtiuis
581 543 728 635 obfistat3
745 549 848 643 quim
870 547 945 620 vasis
960 548 1068 623 latera.
1423 575 1462 619 ca
1480 579 1540 622 ee.

97 653 195 722 v111.
218 648 269 717 'Ex
294 640 345 715 his
371 647 416 715 D.
430 646 469 713 de
487 643 515 714 la
537 648 621 714 Hire
639 645 807 742 complura
833 643 962 716 deducit
983 643 1219 744 phoenomena‚
1236 675 1306 748 quae
1333 650 1409 722 loco
1421 651 1538 748 gerini.-

51 751 147 820 ritato
165 741 233 839 legi
248 735 388 840 pellunt.
417 739 477 809 llla
488 744 576 810 enim
600 764 664 836 que
690 737 915 835 posterioribus
939 739 986 811 his
1004 745 1095 810 annis
1108 747 1141 813 in
1157 745 1331 816 Academia
1351 770 1409 816 tx·

53 837 174 944 posuit,
186 861 227 908 ex
246 832 414 945 occafioue
436 833 997 1000 tantum,&sttidiimatti1pgimus.
1022 839 1153 908 Horum
1166 839 1409 952 nonnullanme·

51 963 89 1010 rr
104 932 179 1008 sunt
192 928 502 1028 contemplationrs,
521 928 582 1001 alra
598 955 636 999 ex
656 926 713 999 usu
737 926 798 1000 elle
819 955 864 1026 po
890 952 959 1000 unt.
993 928 1076 1002 Illud
1092 933 1228 1032 exempli
1252 959 1354 1032 gratia
1365 936 1407 1007 ad

52 1028 139 1104 iil‘um
153 1035 231 1102 uitae
241 1025 390 1096 bumana
406 1033 544 1124 pertinet
559 1082 569 1110 ,
587 1024 708 1098 fruetis
719 1025 793 1124 gelu
808 1047 976 1096 concretos
988 1030 1023 1096 in
1034 1028 1201 1123 pristinum
1216 1031 1330 1101 statum
1353 1056 1406 1102 rr-

52 1129 209 1210 stimate,
233 1122 318 1218 quod
333 1117 404 1191 fieri
424 1117 503 1192 solet
515 1127 550 1190 in
565 1118 715 1220 frigidam
727 1146 783 1192 eos
801 1121 1026 1217 demergendo.
1066 1128 1135 1219 Qi
1157 1128 1243 1195 enim
1261 1121 1339 1197 sales
1363 1123 1405 1197 ab

52 1246 147 1335 Ψ
167 1215 325 1329 mli
346 1214 1030 1384 ³⁰³²iiiii.iss¹¹illi⁵s⁶‘ii‘ilul
1046 1241 1165 1384 iiim
1180 1218 1406 1385 agapi...

52 1319 707 1504 ¹‹liidiiduncilmellalita'quaicircuuijeiia
728 1339 961 1496 sttofceluidibr³
984 1430 1055 1478 tum
1063 1338 1410 1510 guppacpnaacgnagcpaei

59 1511 142 1579 tiara
151 1530 222 1576 aon
281 1525 387 1601 parer,
409 1527 448 1572 ac
461 1505 577 1573 nimius
603 1502 832 1599 particularum
849 1526 957 1575 morus
982 1501 1113 1591 obstat,
1146 1511 1319 1600 quominus
1361 1504 1370 1575 l
1392 1540 1409 1558 ·

60 1607 250 1674 ciascuncre
265 1621 339 1686 cat,
359 1588 410 1669 sed
422 1621 530 1669 motus
555 1597 609 1669 ille
629 1603 663 1669 in
684 1597 852 1696 particulas
864 1623 955 1696 aquae
970 1596 1078 1668 fruuu
1101 1622 1266 1671 contentas
1288 1531 1408 1672 effigil'us

60 1688 575 1862 miiiii‘iiiuisi'ml'il
603 1690 1286 1860 iiiiiiiii..iiiiii
1300 1706 1425 1862 iii.

56 1817 248 1959 ffidaen'sin
257 1883 396 1983 glaciem
406 1814 603 1974 cmpclescit',
615 1883 716 1981 vulgo
729 1814 914 1981 adiungier
929 1913 940 1960 ς
955 1816 1012 1980 qiu
1025 1887 1113 1955 enirn
1127 1816 1203 1955 illes
1215 1816 1344 1958 homin
1358 1885 1410 1967 la,

57 1983 167 2084 pidum
177 1977 253 2054 fisus
264 1977 424 2079 implicati
435 2035 446 2067 ,
459 2003 533 2051 eum
548 1979 642 2052 facile
654 1978 824 2068 deserunt,
838 2002 874 2051 ut
886 1975 1177 2076 aquaeadhaereant.

100 2084 159 2152 Sic
178 2079 323 2150 videmus
336 2079 372 2145 in
390 2079 488 2147 muris
504 2075 689 2175 elapidibus
702 2083 819 2174 partim
837 2074 1018 2146 durioribus
1040 2129 1052 2161 ,
1070 2080 1188 2173 partim
1208 2078 1412 2150 mollioribus

57 2177 262 2273 cumpadis,
283 2170 342 2244 ubi
357 2170 436 2284 gelu
452 2166 609 2285 solvitur3
625 2175 788 2270 quandum
802 2173 890 2246 velut
903 2176 1012 2245 nivern
1032 2170 1210 2245 durioribus
1221 2173 1413 2246 adhaeresce-

60 2296 113 2360 ιι,
157 2270 225 2341 uod
245 2292 337 2366 aquae
352 2263 508 2367 particule
521 2269 556 2337 in
571 2274 643 2345 a'ere
659 2268 854 2355 volitantes,
868 2290 966 2362 atque
994 2268 1030 2334 in
1043 2290 1081 2336 ea
1093 2289 1230 2366 corpora
1242 2273 1413 2342 incurren-

56 2387 103 2442 tes
173 2371 242 2438 ium
262 2359 397 2448 oceursu
422 2357 579 2459 figantur,
596 2389 664 2443 non
682 2368 761 2446 itens
775 2368 809 2443 in
823 2357 998 2463 spongiosrs
1009 2357 1166 2458 lapidibus
1184 2417 1195 2450 ,
1218 2388 1302 2468 ,quos
1320 2388 1412 2463 aqua:

61 2459 249 2562 corpuscula
262 2455 395 2531 subeunt
411 2481 465 2558 per
479 2480 600 2531 meatus
610 2464 815 2557 patentiores.

111 2565 210 2632 Hinc
224 2560 322 2626 etiam
335 2552 372 2625 fit
389 2577 425 2625 ιι
445 2574 534 2717 parte
552 2557 695 2651 corporis
704 2553 890 2626 ¹vehementi
902 2550 1024 2653 frigore
1043 2575 1104 2623 con
1128 2550 1249 2625 laciatae
1279 2561 1313 2627 δι
1333 2578 1414 2651 pene

60 2651 209 2725 lideratae
221 2655 275 2720 nix
287 2647 424 2720 adhibita
456 2669 481 2716 it
501 2651 667 2736 reniedio,
686 2650 773 2745 quod
787 2647 863 2720 sales
879 2648 925 2719 illi
947 2673 1067 2744 aquam
1094 2578 1225 2746 {gentes
1249 2656 1283 2720 in
1307 2673 1417 2720 carnes

64 2748 206 2849 impafii
230 2740 309 2817 se-se
325 2745 514 2844 expediant,
538 2765 573 2814 ut
588 2768 662 2814 cum
676 2748 749 2815 nive
763 2754 1007 2842 conjungantur.
1051 2743 1335 2842 Qemadmodum
1348 2742 1417 2815 fere

63 2870 141 2925 mm
159 2839 445 2927 Jhermometrum
465 2842 529 2915 a'e'ri
550 2862 624 2909 ante
638 2835 814 2936 expositum
827 2862 926 2918 sento
945 2838 1121 2936 perflatur,
1144 2834 1269 2935 spiritus
1288 2843 1359 2916 vim
1381 2843 1418 2912 in

64 2939 199 3037 globum
214 2933 245 3009 se
259 2942 323 3010 reci
349 2941 394 3025 it,
410 2935 498 3035 quod
518 2930 559 3003 fri
583 2935 665 3004 idior
682 2957 795 3006 ventus
812 2933 888 3007 sales
907 2930 1102 3030 frigorificos
1114 2938 1196 3005 intra
1207 2933 1324 3014 tubum
1334 2960 1418 3030 pro·

63 3032 180 3132 pellat,
203 2964 369 3132 sedglobo
381 3037 454 3104 nive
469 2959 633 3118 obdudio,
648 3031 755 3100 statim
767 3027 892 3130 spiritus
906 3033 972 3102 vini
993 3027 1132 3101 ascendit
1155 3027 1199 3101 ob
1221 3053 1294 3103 eam
1317 3055 1418 3128 quam

65 3129 232 3206 munaus
250 3134 421 3202 rationem.

117 3231 181 3299 IX.
216 3230 339 3322 Neque
358 3225 421 3295 alia
440 3224 484 3294 est
507 3228 590 3295 ratio
602 3223 834 3322 congelationis
851 3222 1044 3314 artificialis,
1056 3226 1095 3297 de
1108 3225 1259 3322 quaalibi
1274 3225 1422 3297 diximus.

64 3320 258 3396 sicituetus
277 3322 375 3392 econ
400 3319 537 3392 elatione
562 3317 797 3416 prohibemus,
820 3345 894 3391 cum
917 3347 973 3392 eos
994 3320 1083 3419 palea
1101 3322 1203 3394 tectos
1226 3321 1328 3392 lituro
1351 3342 1423 3387 ma-

63 3417 138 3488 dido
152 3421 333 3519 operimus.
356 3344 447 3488 elam
458 3411 538 3491 iales
558 3415 608 3485 illi
627 3413 727 3485 lirueo
745 3415 899 3487 haerentes
917 3415 1048 3487 ulterius
1062 3440 1130 3487 non
1150 3416 1424 3515 progrediuntur,

65 3511 157 3608 qubd
177 3537 257 3586 curn
349 3513 355 3525 '
402 3508 555 3607 saquosis
569 3507 695 3587 facilius
710 3533 934 3608 aggregentur.
972 3510 1070 3582 Unde
1093 3511 1260 3605 &glacies
1280 3511 1372 3617 citius
1391 3511 1427 3576 in

68 3602 1428 3797 iiiiii..q,¹¹·².si‘;.ii²i¹¹.{i{.iilii‚‘⁰ii¹¹..⁰iil.;.‘¹?⁰i“iiiiii

76 3795 330 3868 Polltemohinc
346 3793 448 3893 liquet
468 3820 524 3865 cur
548 3793 664 3894 lapides
686 3793 793 3893 gelido
817 3798 882 3864 a'c'ri
904 3789 1068 3893 expoliti,
1117 3789 1263 3863 raesertim
1285 3789 1310 3862 fi
1336 3811 1434 3861 antra

75 3911 161 3984 aqua
226 3887 286 3963 fui
303 3889 436 3978 fuerint,
450 3887 537 3988 quafi
551 3895 586 3961 in
599 3889 678 3961 folia
691 3889 899 3978 diducantur,
914 3888 1002 3986 quod
1015 3820 1127 3962 mollia
1147 3898 1181 3963 δι
1192 3884 1359 3988 spongiola
1376 3890 1429 3958 iu-

75 4003 167 4054 terva
229 3983 337 4058 subeat
353 4010 461 4081 aqua,
474 4011 544 4083 quae
555 3983 773 4103 conglaciata‚
788 3993 822 4057 δι
837 3995 940 4073 majus
951 3988 1078 4082 exigens
1100 3982 1235 4084 spatium
1258 4006 1362 4083 partes
1381 3983 1430 4054 la-

72 4079 160 4177 pidis
176 4079 304 4155 divellit.
349 4087 483 4154 Interim
493 4106 602 4158 tamen
614 4107 634 4152 e
646 4079 800 4178 lapidibus
814 4106 852 4152 ex
870 4081 981 4151 eadem
997 4081 1166 4177 lapidicina
1187 4088 1282 4150 erutis
1299 4079 1430 4173 quidam

70 4173 309 4272 congelantur,
333 4177 406 4251 aliis
431 4175 553 4270 illeiis,
579 4175 669 4272 quod
688 4176 829 4244 accidere
853 4174 954 4273 potest
970 4197 1009 4243 ex
1028 4174 1095 4271 ipsa
1110 4175 1251 4273 lapidum
1274 4194 1432 4270 prepara·

73 4277 186 4358 tione,
199 4271 276 4342 dum
290 4271 410 4344 malleo
430 4277 594 4369 poliuntur
605 4294 641 4341 ut
661 4265 721 4340 suis
734 4292 882 4366 aptentur
901 4270 980 4339 locis
1001 4296 1011 4341 ι
1034 4293 1106 4341 tum
1130 4273 1217 4338 enim
1234 4289 1335 4364 partes
1352 4263 1445 4333 mal··

74 4365 113 4438 lei
125 4361 330 4463 percuffione
343 4363 387 4436 sic
408 4366 615 4461 quassantur,
631 4388 667 4436 ut
683 4360 874 4435 insensibiles
887 4359 1051 4451 suffusas,
1065 4390 1119 4464 per
1142 4387 1221 4458 quas
1236 4358 1320 4432 subit
1336 4383 1433 4455 aqua,

76 4463 259 4539 admittant.
297 4462 400 4558 Qiod
415 4467 462 4536 D.
475 4464 514 4534 de
532 4464 563 4533 la
576 4465 659 4534 Hire
674 4459 738 4529 hoc
750 4465 969 4556 experimento
977 4457 1175 4544 confirmat,
1198 4460 1315 4526 durum
1337 4463 1369 4525 &
1388 4450 1436 4522 sa·

76 4561 112 4626 tis
127 4551 266 4626 nauum
342 4555 427 4628 idem
441 4583 480 4628 ex
493 4583 606 4628 eorum
620 4578 735 4652 genere
747 4551 863 4650 quibus
875 4560 933 4625 via
949 4556 1140 4641 sternuntur,
1156 4550 1274 4621 malleo
1286 4551 1437 4645 repetitis.

77 4646 297 4724 sedminutisi
334 4649 405 4736 'bus
416 4649 593 4751 perculsum
604 4655 688 4720 intra
704 4648 808 4720 brevis
829 4655 983 4751 temporis
1009 4649 1147 4750 spatium
1172 4643 1248 4714 findi
1267 4644 1436 4725 cernimus,

78 4747 156 4823 adeo
176 4768 212 4818 ιι
232 4769 341 4849 partes
353 4740 415 4821 suis
430 4747 510 4825 loeis
523 4768 637 4822 emota
650 4746 779 4821 tandem
800 4745 975 4848 digitorum
994 4745 1097 4852 preilu
1119 4750 1153 4815 in
1168 4736 1335 4841 pulverem
1347 4759 1440 4821 (θῦν.
