3646 5430
156 440 225 514 λιι
238 468 274 516 ιι.
297 341 1318 539 ³6licioniourborisllnlz'erGitlrrAErecelitll1rllnlllriglrllaltllrubs
1336 432 1476 513 arboris.
1519 443 1655 523 Geloni

160 551 256 633 1694
291 551 416 641 integra
436 568 512 614 curn
533 564 622 639 parre
643 540 728 611 illius
750 537 874 637 lignosa
887 561 952 633 quo
968 533 1059 631 ligno
1074 535 1197 606 arboris
1215 530 1401 606 adherebat
1421 588 1435 624 ,
1459 533 1652 629 detrahitur,

291 649 326 714 δι
344 643 457 710 cortici
470 635 592 709 arboris
605 641 640 707 in
652 634 794 706 sormam
807 639 838 707 T
854 632 948 718 fillo,
966 629 1046 702 dum
1061 629 1155 703 succo
1172 652 1299 732 tumet,
1313 627 1501 794 applicatur
1516 657 1527 702 ι
1541 641 1651 709 ωιιὶα

291 740 335 806 ita
349 731 419 803 fillo
438 755 569 832 gemma
581 731 633 804 seu
647 730 771 802 scutum
791 727 962 801 obducitur
975 781 985 810 ,
999 733 1033 797 br
1046 724 1188 798 cannabe
1202 728 1323 824 depexo
1374 722 1514 823 ligatur.
1543 731 1654 805 Sum

289 833 373 993 panii
386 853 442 941 per
453 853 617 994 perlnrnam
628 825 706 990 scluti
717 824 946 990 delatusloyum
955 825 989 892 in
1002 845 1133 918 gemma
1149 819 1336 896 conclusum
1346 818 1445 894 fover
1458 829 1497 895 &
1511 824 1651 915 excludit,

314 948 369 995 um
384 950 400 993 e
414 947 451 995 us
477 951 497 993 0
513 949 541 991 ra
555 949 631 993 corn
667 942 750 991 reato
767 946 829 991 evo
844 943 901 992 ιιι.
1284 988 1287 993 ,
1639 984 1642 991 .

344 952 509 1090 siclamo
521 949 718 1089 leniterpfillo
729 1012 868 1086 surculus
878 1010 1035 1099 inseritur,
1046 1008 1148 1108 vulgo
1163 1007 1283 1103 Grtffer
1292 1036 1331 1078 en
1336 1009 1445 1102 ferre,
1458 1018 1651 1094 Truncoao
1688 1024 1690 1095 j

288 1118 407 1205 majori
425 1139 516 1184 raino
534 1110 657 1183 arboris
675 1112 715 1182 ad
733 1111 901 1197 libellam,
920 1106 975 1183 seu
993 1106 1237 1180 horizontaliter
1258 1105 1347 1180 sesto
1363 1105 1518 1182 surculus
1537 1109 1650 1187 alterins
1688 1164 1690 1173 .

290 1208 414 1282 arboris
427 1214 460 1281 in
482 1208 565 1279 hanc
578 1203 719 1278 fissuram
732 1204 902 1293 inseritur,
928 1211 962 1278 in
983 1207 1078 1278 cunei
1101 1201 1246 1274 formam
1260 1201 1439 1303 paululum
1452 1201 1574 1279 incisus
1588 1261 1601 1296 ,
1619 1216 1649 1283 tt
1688 1222 1690 1329 l

292 1304 421 1399 aliquot
442 1307 581 1401 gemmis
605 1301 736 1374 soetus..
1688 1342 1690 1379 ι

344 1404 392 1469 lta
415 1398 555 1470 surculus
570 1396 716 1469 inseritur
731 1456 742 1485 ,
757 1421 793 1469 ιιι
807 1418 916 1470 cortex
933 1405 1000 1492 ejus
1017 1397 1130 1468 cortici
1145 1401 1249 1466 trunci
1271 1390 1482 1494 respondent.
1517 1400 1651 1475 Troum
1688 1444 1691 1463 .

293 1499 384 1568 eninr
399 1493 483 1566 fillus
495 1494 612 1565 clarere
626 1492 682 1564 suo
702 1489 862 1564 surculum
875 1492 1003 1565 infitum
1020 1495 1163 1591 premit,
1179 1498 1214 1564 &
1225 1487 1334 1563 succus
1346 1489 1482 1566 arborio
1504 1493 1578 1568 vau
1594 1490 1649 1568 sor.

296 1589 363 1663 culi
381 1586 485 1677 subit,
499 1614 643 1687 gemmas
660 1597 727 1681 ejus
740 1588 886 1687 explicat.
914 1591 1004 1660 ldem
1019 1589 1128 1660 succus
1144 1592 1178 1656 in
1213 1612 1288 1683 oros
1302 1586 1425 1659 surculi
1438 1585 1651 1669 effirstuffirer

297 1684 365 1758 unl
379 1689 548 1783 conjungit
564 1689 693 1756 &inter
708 1678 738 1756 se
752 1704 866 1756 mutuo
877 1684 920 1756 sic
931 1683 1134 1784 agglutinat,
1147 1705 1213 1755 ure
1228 1705 1347 1754 trunco
1360 1691 1395 1757 δι
1413 1679 1553 1759 surculo
1563 1711 1649 1765 uunn

298 1787 333 1854 br
355 1782 439 1851 idern
459 1804 575 1874 corpus
592 1778 759 1857 coalescat.

353 1885 384 1947 V
397 1882 410 1945 1
423 1880 447 1944 1.
493 1879 640 1974 Tempus
665 1897 778 1973 aptum
798 1874 842 1945 est
861 1873 1002 1949 insitioni
1018 1930 1029 1961 ,
1053 1899 1129 1949 cunr
1141 1870 1257 1946 surculi
1270 1895 1414 1970 gemme
1429 1878 1578 1953 nondum
1588 1874 1651 1959 ιἰα

296 1971 488 2071 explicata:
512 1975 566 2042 Sic
580 1974 669 2042 enirn
691 1995 778 2041 nova
800 1975 866 2060 ejus
882 1970 961 2042 solia
982 1969 1137 2042 alimento
1158 1966 1301 2040 fraudata
1316 1967 1423 2043 facile
1445 1972 1647 2051 tabesoerenre

295 2092 373 2139 narn
388 2063 497 2139 succus
512 2067 634 2138 arboris
652 2068 687 2134 in
702 2064 774 2136 vasa
793 2061 909 2136 surculi
927 2064 1021 2138 facile
1033 2090 1098 2136 non
1113 2063 1196 2138 subit
1210 2067 1320 2160 primis
1339 2064 1511 2143 infitionie
1529 2068 1651 2162 belm,

295 2185 395 2326 atqpe
409 2162 472 2233 hoc
488 2164 643 2272 ternporis
663 2158 707 2325 {ic
726 2159 948 2327 foliaspossunt
963 2157 1652 2338 masplcescpirpptSeddprpplefizgitetglmm

294 2279 671 2449 satellclrceurleagllictlllall·
683 2281 1022 2450 llllltllclllnczlllillrae
1037 2283 1114 2423 sbpse
1125 2284 1282 2462 ¹evolvere
1294 2287 1493 2450 ἰιιοίρὶιιιιρῖ,
1510 2289 1651 2433 gennad

293 2449 406 2522 irilem
420 2444 572 2521 succusin
585 2470 679 2518 motu
690 2447 736 2519 est
749 2444 893 2545 positus,
913 2470 984 2520 tum
998 2469 1217 2546 opportunum
1231 2447 1357 2516 videtur
1383 2447 1553 2526 infioonu
1574 2474 1646 2525 tem·

295 2570 367 2643 pus.
399 2551 569 2623 Truncum
587 2539 708 2613 sellum
725 2547 795 2641 pice
808 2541 919 2617 leviter
935 2542 1160 2614 obducendum
1174 2539 1278 2614 censer
1291 2545 1338 2613 D.
1364 2547 1576 2623 Tournefort
1591 2555 1648 2638 ,lt

294 2665 368 2738 pars
380 2636 496 2712 surculi
509 2695 519 2728 ,
533 2662 604 2737 quae
621 2635 760 2709 fissuram
778 2637 884 2729 subit,
898 2641 1033 2736 tegenda
1049 2665 1059 2715 r
1079 2661 1145 2709 non
1159 2636 1274 2738 probat
1286 2639 1528 2807 cataplasmata
1543 2669 1608 2744 qm
1618 2666 1650 2719 ex

295 2736 409 2846 prgilla
421 2743 456 2808 δι
469 2733 579 2806 musco
592 2738 695 2834 parari
705 2728 830 2822 solent,
846 2759 920 2807 curn
933 2759 1019 2833 aqua
1034 2731 1090 2807 illa
1103 2756 1246 2832 penetret
1264 2741 1298 2808 δι
1315 2736 1350 2806 in
1364 2736 1528 2813 cuorum
1540 2764 1650 2843 pm

249 2856 253 2863 ·
296 2853 433 2916 ιιιιιιιιιι.
839 2915 843 2921 ‚

348 2926 515 2999 Postremo
534 2921 694 2999 resecandi
708 2923 779 2999 sunt
799 2933 1014 3024 germinantes
1041 2929 1075 2997 in
1096 2947 1212 2999 trunco
1230 2921 1348 3001 surculi
1374 2957 1387 3003 ι
1409 2957 1493 3007 nani
1519 2927 1650 3015 suedie

296 3045 412 3092 eorum
426 3019 497 3093 vasa
514 3021 691 3120 proclivior
708 3023 753 3093 est
774 3047 900 3111 motus,
923 3047 962 3094 ac
975 3016 1141 3093 deflectere
1157 3027 1308 3121 cogitur,
1326 3049 1364 3099 ur
1385 3035 1425 3102 in
1445 3035 1531 3105 novi
1549 3031 1651 3109 surculi

296 3113 368 3192 vasa
383 3140 568 3204 commeet,
587 3115 654 3188 sere
669 3141 706 3190 ur
726 3123 760 3187 in
785 3119 973 3191 animalium
993 3115 1198 3205 vulneribus,
1217 3118 1314 3214 idque
1340 3127 1514 3199 cicatrices
1533 3125 1650 3221 efficit,

295 3233 371 3377 cupi
383 3208 468 3378 segle
481 3207 554 3283 vasa
565 3236 632 3283 non
649 3210 746 3284 facile
764 3221 1024 3314 conjungantur,
1047 3236 1152 3309 neque
1167 3238 1280 3285 eorum
1293 3238 1447 3293 extrerna
1468 3217 1527 3295 fibi
1541 3250 1651 3301 mun

297 3330 314 3377 r
436 3333 454 3378 e
474 3332 496 3378 n
516 3362 525 3380 .

315 3330 518 3477 epppemaep
546 3408 628 3478 ratio
648 3401 802 3478 insitionis
814 3409 897 3477 inter
920 3408 1075 3478 corticem
1099 3409 1132 3476 &
1152 3401 1297 3503 lignum,
1322 3431 1380 3481 aut
1401 3411 1492 3487 illine
1508 3438 1579 3514 que
1602 3419 1650 3490 in·

293 3499 438 3575 oculatio
458 3499 665 3598 appellatur,
689 3525 763 3572 curn
793 3503 937 3573 detrallo
959 3499 1082 3572 arboris
1105 3505 1218 3573 cortici
1233 3507 1266 3571 in
1284 3502 1397 3577 fistulae
1410 3511 1577 3602 modurn,
1595 3539 1648 3586 no·

294 3620 488 3764 vuslieorrex
520 3622 595 3673 curn
629 3597 727 3673 oculo
757 3595 815 3669 suo
838 3593 978 3696 ejusdem
1011 3619 1086 3667 cuni
1109 3600 1210 3697 priori
1233 3594 1342 3699 figurae
1366 3610 1405 3677 ει
1433 3612 1651 3708 magnitud&
1690 3640 1693 3663 ι

295 3715 360 3792 app
386 3715 487 3769 cetur.
1478 3722 1481 3727 ·

305 3887 1643 3935 -----——----—-.....

762 4028 1045 4113 CAPUT
1148 4034 1204 4117 V.

704 4237 935 4353 Destirpr'enr
956 4261 1085 4322 natura
1111 4235 1156 4331 ἀ
1177 4236 1254 4348 eſst.

289 4448 318 4517 1.
428 4445 568 4516 Alienus
592 4446 632 4518 de
654 4443 821 4520 elementis
841 4452 1005 4524 Botanicis
1036 4472 1108 4547 quae
1139 4453 1186 4524 D.
1210 4451 1419 4532 Tourneforr
1445 4485 1540 4537 anno
1564 4474 1645 4563 1694.

425 4539 526 4613 tribus
544 4541 762 4614 voluminibus
785 4544 971 4645 complexus
990 4547 1046 4620 est.
1089 4550 1202 4622 Paucis
1223 4544 1263 4617 ab
1293 4546 1373 4622 hinc
1395 4553 1515 4630 diebus
1547 4566 1645 4661 prnrl'r

288 4639 324 4707 in
345 4637 451 4711 lucem
477 4637 563 4709 aliud
587 4637 741 4710 volumen
762 4665 830 4711 non
848 4637 959 4720 mole,
985 4636 1039 4715 sed
1054 4641 1256 4730 eruditione,
1282 4651 1316 4713 δι
1341 4650 1489 4727 utilitate
1506 4654 1644 4757 magnoin

291 4732 331 4808 de
351 4735 493 4809 Historia
520 4734 720 4826 Plrn‘tarum,
745 4739 862 4836 quaein
875 4760 954 4837 agro
973 4733 1135 4815 Parisrensr
1157 4747 1191 4812 δι
1215 4740 1433 4842 circumjectis
1454 4754 1494 4827 in
1507 4751 1643 4845 lucisne
