3646 5430
288 353 352 466 230
624 368 821 456 aroris
852 365 1328 452 ‘SCIENTIARUM

157 485 219 557 Αιι
234 512 271 561 x.
286 512 360 558 vam
373 494 407 558 δε
425 480 593 558 ventriculi
606 478 767 575 liquorem
787 477 809 547 d
824 480 869 549 D.
887 474 931 544 du
952 481 1082 566 Verney
1107 467 1176 540 sunt
1199 467 1375 540 observata.
1412 490 1437 534 r.
1459 468 1617 567 Juniorom'

155 585 245 670 ¹⁶⁸7·
287 577 381 653 salival
398 581 582 673 heliotropii
596 572 726 646 succum
742 593 809 644 non
830 568 942 640 rubere
965 594 973 638 :
998 591 1073 637 cum
1088 571 1123 635 in
1135 563 1293 635 seniorum
1308 572 1342 636 δι
1360 561 1616 636 marimemsm.

285 676 468 746 buticorum
484 673 577 745 saliva
595 695 642 740 res
660 671 751 741 aliter
765 665 797 738 se
813 664 927 736 habeat
954 720 965 752 ,
987 661 1080 759 quod
1099 665 1135 732 in
1153 660 1203 731 his
1227 656 1264 730 lit
1279 661 1407 729 acidior·
1448 686 1481 732 2.
1511 663 1613 758 Qiin

285 769 385 842 tribus
406 775 515 866 primis
532 771 763 837 ruminantium
786 761 971 832 ventriculis
995 757 1073 828 inest
1094 757 1227 854 liquor,
1259 753 1338 824 nihil
1369 753 1437 865 sere
1459 755 1504 824 est
1525 775 1614 920 preter

284 863 416 934 salivam
432 890 440 935 e
454 863 525 935 sunt
545 866 630 931 enim
646 858 869 957 glandularum
886 878 1039 952 expertes.
1077 858 1194 950 Qarri
1206 849 1374 920 ventriculi
1399 848 1507 945 liquor
1550 850 1611 922 elio·

285 966 383 1056 tropii
399 955 530 1030 succum
545 954 645 1027 ertheo
660 955 769 1027 colore
784 956 893 1050 tingit.
917 954 1039 1022 Avium
1057 946 1225 1020 ventriculi
1245 945 1402 1042 glandulis
1430 946 1561 1018 destituti
1577 952 1610 1017 vi

285 1058 420 1135 dentur„
432 1051 555 1137 tametsi
569 1051 662 1120 acido
677 1050 772 1121 succo
787 1044 958 1130 abundant.
992 1075 1020 1136 3.
1047 1046 1169 1145 Qiaeal
1197 1046 1243 1113 D.
1266 1040 1438 1111 Bourdelin
1469 1045 1548 1110 circa
1571 1047 1608 1114 ri·

284 1150 425 1220 tulinum
439 1148 611 1246 coagulum
625 1143 750 1217 fuerant
764 1140 952 1229 observata,
969 1139 1196 1239 comprobavit
1217 1163 1225 1207 r
1251 1160 1327 1205 nam
1350 1133 1417 1206 lota
1437 1144 1472 1209 &
1482 1133 1606 1210 exsiccata

287 1245 474 1315 membrana
488 1244 537 1314 lac
550 1243 694 1337 tepidum
707 1238 909 1338 coagulavit,
923 1247 963 1311 de
973 1232 1102 1306 succum
1118 1232 1304 1328 heliotropii
1321 1229 1419 1301 rubro
1432 1230 1608 1304 coloreinst·

185 1392 187 1399 ‘
286 1325 1607 1531 ill.{allglll'llilldsshllllddhzlllfll?blmdumbs*

677 1731 1006 1814 CAPUT
1084 1727 1213 1816 111.

754 1906 755 1911 Ν
788 1938 844 2004 De
863 1920 965 2002 rebus
984 1917 1143 2031 Phystcir.

277 2105 302 2170 1.
320 2101 473 2296 QUae
496 2102 567 2175 sunt
587 2100 725 2199 Phylicae
741 2100 1021 2200 contemplationis
1040 2124 1107 2171 non
1120 2046 1320 2195 indiligenter
1340 2096 1473 2173 fuerim
1493 2117 1609 2196 ptime:

412 2222 478 2269 tata
501 2257 511 2285 ,
543 2208 578 2271 δι
593 2223 630 2268 ea
651 2199 789 2269 maxime
822 2223 885 2293 que
915 2196 956 2266 ad
977 2216 1158 2294 magnetem
1182 2190 1325 2289 spesiant
1348 2249 1359 2281 ,
1382 2195 1484 2268 multa
1506 2190 1541 2268 de
1560 2194 1616 2268 hoe

279 2315 472 2392 argumento
485 2290 557 2368 sunt
576 2297 706 2389 agitata.
729 2296 820 2363 Tum
839 2292 916 2363 vero
930 2287 1060 2386 insignia
1080 2290 1225 2384 quadarn
1249 2293 1297 2359 Lu
1320 2290 1609 2366 dunrfaeesioerut

281 2388 305 2459 ὲ
325 2397 371 2466 D.
387 2399 433 2465 Pu
456 2415 488 2462 et
501 2394 740 2487 experimenta,
761 2411 897 2481 quaque
915 2387 955 2456 ad
980 2390 1027 2460 D.
1047 2385 1219 2460 Thevenot
1241 2314 1384 2471 mistae,
1406 2412 1448 2458 ac
1468 2392 1543 2489 typis
1561 2414 1607 2488 po-

284 2484 349 2556 stta
360 2414 470 2558 exenia
487 2481 577 2572 sunt,
597 2491 632 2555 de
643 2485 826 2581 nuperrime
846 2485 978 2553 Lutetia
991 2487 1113 2553 iterata.
1136 2476 1221 2551 Usus
1234 2479 1278 2548 est
1291 2504 1441 2577 magnete
1460 2483 1538 2557 mole
1548 2508 1606 2581 par·

275 2607 351 2668 evo,
370 2581 421 2652 sed
437 2585 554 2652 virtute
576 2602 707 2674 magno.
747 2582 854 2671 Hujus
868 2579 1020 2649 diameter
1035 2578 1077 2647 est
1090 2581 1181 2647 unius
1192 2574 1315 2671 pollicis
1335 2585 1369 2647 de
1383 2603 1521 2651 armatus
1533 2585 1609 2677 quin·¹

286 2701 352 2773 que
368 2677 442 2747 ferri
456 2674 551 2746 libras
565 2672 703 2746 sustinet.
739 2676 895 2769 Qaedam
907 2698 944 2743 ex
963 2678 1000 2744 iis
1013 2677 1235 2768 experimentis
1263 2698 1327 2767 que
1352 2683 1509 2759 maiorem
1527 2677 1610 2748 admi·

284 2769 479 2841 tabilitatem
497 2768 636 2847 habent.
662 2790 757 2838 torno
782 2799 807 2860 5.
827 2767 945 2842 Philos.
970 2773 1086 2840 veteris
1108 2775 1141 2839 &
1160 2789 1251 2836 novae
1270 2767 1369 2838 allata
1389 2762 1485 2856 sunt,
1508 2779 1541 2841 dc
1568 2793 1608 2841 ra·

209 2866 212 2871 ’
285 2871 388 2934 tiones
412 2863 482 2961 ipsse
505 2891 542 2935 ex
561 2871 604 2936 D.
627 2865 667 2936 de
688 2863 720 2935 la
740 2868 822 2936 Hire
838 2889 911 2964 pag.
931 2877 1000 2962 365.
1020 2862 1177 2953 reddita,
1210 2889 1289 2960 quas
1311 2864 1378 2933 hoc
1399 2863 1470 2936 loco
1485 2888 1609 2963 repetere

283 2961 365 3032 nihil
386 2960 505 3033 necesse
526 2961 583 3034 est.

335 3064 380 3128 ΙΙ.
408 3057 585 3154 Complura
601 3059 765 3156 quoque&
784 3053 924 3151 Physicis
942 3053 1064 3127 suntab
1077 3060 1189 3127 exteris
1203 3053 1364 3152 propofita
1378 3112 1389 3147 ,
1409 3081 1478 3153 quo
1490 3053 1554 3130 usui
1566 3050 1611 3128 tlh

280 3151 425 3320 {hildi
448 3152 609 3319 hh?
619 3152 852 3319 hllffilll·
874 3149 1364 3318 litssl?.¹3“‘lli.ll‘²‘⁶lt
1379 3162 1611 3322 iffi?

279 3346 376 3414 dudia
393 3273 569 3440 ut’spitcula
582 3342 742 3425 metallica
760 3277 997 3414 radidslolares
1013 3273 1183 3442 coligere,
1204 3351 1237 3415 δι
1253 3273 1507 3440 igriemqpollunt
1518 3370 1613 3420 assen-

280 3441 365 3511 dere.
388 3441 477 3511 Idem
493 3433 674 3512 affirmabat
687 3436 717 3509 se
734 3438 841 3536 palam
855 3435 1051 3509 ostensurum
1064 3463 1183 3534 aquam
1199 3436 1368 3509 fontanam
1378 3445 1447 3510 a'e'ri
1459 3442 1614 3541 expolitam

280 3540 457 3605 innumeris
469 3534 668 3607 animalculis
681 3535 809 3633 plenam
829 3533 957 3604 existere
970 3563 984 3621 ,·
996 3560 1069 3605 curn
1086 3531 1202 3629 quibus
1216 3538 1297 3603 a'o'ris
1317 3537 1428 3606 itidem
1441 3538 1615 3611 animalcula

281 3631 498 3723 copulantur,
522 3638 555 3699 δι
576 3635 696 3701 mirum
720 3635 753 3699 in
773 3630 908 3699 modurn
922 3653 1097 3727 propagata
1113 3632 1147 3697 in
1165 3626 1309 3699 volatilia
1322 3629 1449 3705 abeunt·
1489 3638 1615 3734 Hocip·

279 3721 348 3794 sum
365 3726 472 3820 postea
487 3723 595 3796 multis
609 3729 830 3824 experimentis
847 3722 909 3795 fuit
928 3721 1187 3822 comprobatum.

335 3823 414 3888 111.
451 3824 515 3888 Die
540 3844 557 3884 2
584 3820 704 3914 Aprilis
731 3825 777 3893 D.
802 3824 914 3891 Perrot
943 3822 1054 3916 Regias
1084 3824 1217 3889 vitrariae
1239 3817 1375 3892 officina
1412 3823 1613 3900 Aurelianos

264 3944 266 3949 ·
281 3910 466 4009 praesedlus,
479 3917 557 3981 novi
572 3918 677 4011 operis
696 3913 856 4012 specimen
877 3915 1059 3985 Academia
1073 3913 1235 4001 exhibuit,
1248 3940 1314 4010 quo
1330 3910 1451 3989 vitrum
1464 3918 1613 3994 fusumic

280 4029 470 4092 excavatur,
488 4029 523 4077 ut
542 4032 639 4077 omne
652 4006 823 4105 figurarum
836 4034 952 4107 genus,
965 4009 1185 4110 inscriptiones
1201 4018 1234 4082 δι
1249 4034 1399 4085 ornatum
1412 4022 1571 4117 excipiat,
1586 4024 1613 4090 dc

280 4106 315 4175 in
335 4101 476 4200 amplam
497 4102 618 4172 molem
631 4105 809 4181 diducatur.

330 4203 388 4271 lv.
422 4204 521 4286 Die7
552 4202 636 4267 Maii
656 4206 733 4270 'cum
762 4206 805 4274 D.
828 4200 1001 4301 Homberg
1023 4201 1206 4275 machinam
1221 4197 1308 4279 suain
1330 4201 1614 4301 pneumatium&

235 4353 238 4356 .
282 4316 444 4391 portatam
461 4291 616 4380 curallet,
633 4297 732 4366 multa
747 4303 781 4367 in
793 4325 829 4369 ea
844 4297 921 4368 fecit
940 4302 1167 4397 experimenta.
1196 4323 1225 4368 r.
1255 4296 1380 4370 Globus
1397 4306 1518 4377 vitreus
1538 4313 1613 4397 mjus

280 4389 436 4461 diameter
447 4414 514 4462 erat
528 4415 555 4481 ¹3
571 4389 725 4488 pollicum
743 4449 754 4489 ,
774 4393 924 4465 exhausto
944 4400 1015 4466 a'o're
1028 4391 1129 4462 levior
1144 4397 1237 4470 uncia
1253 4390 1357 4464 fastus
1370 4399 1440 4486 est,
1457 4413 1614 4494 quamn.

261 4513 264 4519 ·
280 4504 333 4559 tea
348 4491 422 4556 a‘e're
434 4488 557 4584 plenus.
939 4553 943 4560 .

336 4609 366 4653 2.
393 4590 431 4652 In
443 4581 514 4654 vase
526 4589 688 4657 exinanito
700 4586 765 4658 sclo
806 4610 877 4657 tum
897 4580 1061 4684 explosum
1086 4584 1208 4656 nullam
1224 4612 1304 4687 pene
1325 4590 1428 4664 emifit
1449 4492 1611 4743 d*

279 4700 352 4774 qoae
372 4682 405 4748 in
422 4704 534 4776 aperto
547 4686 619 4751 a'e're
634 4709 749 4782 magna
763 4613 837 4758 liiit.

328 4801 355 4875 ι.
375 4772 579 4886 {Phosphorus
597 4773 697 4856 siccus
710 4837 723 4882 ,
738 4779 820 4877 tubo
837 4785 945 4876 vitreo
956 4778 1116 4891 inclusus,
1127 4782 1167 4856 ad
1181 4783 1317 4886 globum
1331 4783 1524 4892 applicatus,
1534 4783 1609 4868 and

1642 5042 1660 5385 l
