3646 5430
322 479 324 482 Ι
416 385 764 465 ACADEMIAE
805 383 1148 460 HISTORIA.
1183 386 1256 459 lu·
1288 387 1334 460 V.
1482 389 1553 477 481
1600 477 1602 481 ι
1668 464 1675 478 ,

292 504 372 557 mox
392 482 428 556 in
446 485 590 584 pluviam
614 483 729 557 casurae
749 487 783 555 in
806 484 881 582 gelu
912 481 1131 556 concrescant.
1170 477 1239 553 Sub
1271 476 1385 550 meost
1405 479 1552 576 Januarii
1570 467 1691 573 Phys

169 588 306 658 mutium
321 604 398 652 cum
409 579 580 653 humidum
596 579 671 652 esset
688 580 831 666 colum,
846 603 907 651 nec
923 601 1032 651 tamen
1044 577 1251 675 pluviosum,
1311 576 1337 647 st
1354 583 1459 646 acrius
1477 577 1552 673 gelu
1569 589 1623 642 ca.

198 675 294 750 lobes
321 677 368 747 est
391 681 592 753 exinanitus,
609 699 746 774 tumque
759 681 832 746 a'e'rc
846 673 1001 772 impletus
1013 679 1141 772 gravior
1162 704 1175 762 3
1196 602 1356 746 dracbomis
1373 670 1477 743 sadlus
1496 675 1553 747 esi.

167 706 545 848 {concelebratum
562 770 709 873 pluvioso
726 781 760 846 dt
780 793 978 868 temperato,
991 767 1106 869 globus
1120 775 1219 842 trium
1227 765 1451 840 drachmarum
1469 795 1554 865 pon·

171 875 251 946 dere
268 867 372 943 levior
386 869 491 939 fastus
512 870 569 943 eil.
611 874 744 942 Ineunte
759 868 894 964 quidem
910 870 1061 962 januario
1084 865 1160 937 licet
1175 890 1243 936 non
1262 863 1406 962 plueret,
1419 871 1475 935 a'e'r
1500 889 1553 935 ta-

172 991 255 1042 men
273 967 355 1038 adeo
368 963 517 1036 humidus
532 988 600 1036 erat
613 1022 622 1049 ,
637 989 671 1035 nt
685 969 819 1062 parietes
842 972 873 1034 &
896 966 978 1032 vitra
991 961 1155 1032 maderent
1169 959 1309 1031 humore
1329 983 1386 1058 per
1409 962 1488 1033 osio
1515 968 1551 1033 dc

170 1057 315 1161 amplius
335 1062 415 1132 dies.
441 1065 575 1131 Ineunte
587 1059 759 1131 Februario
777 1057 831 1129 etii
848 1063 902 1130 a'e'r
928 1063 962 1127 in
975 1055 1112 1128 imbrem
1126 1056 1322 1145 solveretur,
1341 1063 1425 1129 muri
1444 1079 1556 1130 tamen

172 1161 329 1230 anetina
345 1180 414 1227 non
434 1149 600 1230 sudabant.
625 1159 663 1226 Id
688 1180 755 1227 non
773 1152 926 1226 abhorret
950 1152 971 1224 al
995 1150 1168 1238 verosimili
1188 1156 1304 1252 prioris
1319 1149 1555 1226 observationis

172 1249 378 1350 temporibus
401 1250 574 1321 humorem
589 1247 758 1347 copiosum
784 1274 840 1348 pet
865 1254 940 1321 a'e'ra
963 1246 1024 1320 else
1050 1244 1233 1336 diffusum,
1253 1253 1311 1345 qui
1335 1272 1458 1346 partem
1479 1272 1550 1344 erut

172 1347 410 1424 tantummodo
426 1344 572 1417 infimam
590 1344 773 1434 obsidebat,
786 1343 877 1442 isque
893 1350 927 1415 in
944 1368 1052 1415 muros
1063 1350 1097 1414 dt
1114 1347 1197 1415 vitra
1207 1345 1252 1416 cll
1265 1340 1401 1430 tffiisus,
1444 1371 1491 1414 ua:
1508 1368 1548 1417 ex

173 1445 253 1544 gelu
270 1447 432 1541 ptaeterito
444 1465 534 1514 etant
544 1441 614 1544 ipso
624 1448 696 1513 a'e're
708 1440 887 1540 frigidiora.
915 1445 1039 1535 Magna
1051 1437 1145 1532 buius
1164 1437 1307 1512 humoris
1327 1465 1399 1540 pars
1407 1371 1547 1540 globum

172 1544 314 1613 vitreum
329 1535 425 1610 subiit
438 1591 449 1617 ,
462 1562 604 1637 eumque
637 1538 926 1610 taviotemellecit·
963 1543 1001 1607 ln
1023 1534 1190 1634 posteriori
1212 1532 1434 1610 observatione
1454 1544 1548 1637 regio

174 1639 260 1706 o’t'ris
278 1631 389 1715 infima
400 1638 506 1704 minus
517 1634 607 1706 humi
664 1631 749 1721 suit,
770 1636 874 1730 quim
889 1639 921 1703 in
935 1637 1051 1732 priore,
1060 1631 1111 1701 sed
1124 1629 1242 1702 bumot
1254 1629 1449 1730 superiorem
1461 1638 1548 1706 a'e'ris

175 1735 351 1830 partemin
365 1729 622 1825 quasorrnanrur
638 1728 773 1827 pluviae,
788 1728 970 1810 obfidebat,
990 1729 1073 1798 unde
1094 1735 1128 1800 dt
1154 1752 1227 1824 pars
1250 1735 1281 1798 e‘
1303 1754 1317 1798 s
1340 1727 1453 1801 infima
1477 1755 1543 1829 qua

175 1821 295 1922 globus
315 1824 451 1924 repletus
464 1827 508 1899 est
520 1884 531 1914 ,
545 1832 650 1897 minus
671 1824 783 1897 habuit
795 1823 993 1897 humiditatis
1013 1827 1249 1915 ,nequeenim
1272 1821 1412 1898 odobant
1429 1833 1545 1903 muriz

204 1921 270 1990 uod
283 1924 317 1991 in
333 1915 424 1991 causa
441 1920 502 1992 suit
516 1949 571 1993 cur
586 1923 692 1995 levior
705 1920 781 1995 esset
824 1919 917 1992 lubus
933 1927 1063 1992 vitreus.
1092 1923 1206 2013 ltaque
1217 1915 1354 1990 excelsus
1377 1920 1431 1992 ille
1454 1949 1540 2022 pon.

174 1944 258 2086 dctis
269 2019 304 2087 in
320 2013 426 2113 primi
445 2016 666 2090 observatione
679 2039 718 2088 ex
736 2041 821 2113 aqua
840 2017 907 2115 ipsi
919 2042 990 2114 quat
1009 2012 1145 2112 globum
1156 2010 1278 2102 subiit,
1298 2020 1436 2090 omnino
1459 2044 1541 2115 pro-

172 2106 430 2186 festusvidetut.
459 2116 562 2210 idque
578 2139 616 2185 ex
637 2138 679 2185 eo
703 2112 887 2186 confirmari
908 2112 1013 2214 potesi
1030 2110 1119 2208 quod
1139 2107 1314 2210 utrobique
1335 2113 1448 2198 eadem
1464 2111 1544 2187 esses

174 2202 258 2278 s'e'tis
269 2206 441 2296 dilatatio,
455 2209 540 2280 idem
558 2209 641 2306 peni
653 2208 753 2285 calor.

222 2306 366 2374 meante
377 2305 536 2402 januario
549 2306 635 2375 idem
647 2302 772 2377 fastum
786 2307 830 2377 est
843 2310 1097 2405 experimentum
1112 2305 1248 2396 seviente
1264 2306 1305 2378 fri
1331 2330 1407 2392 ore,
1422 2304 1542 2402 globus

170 2407 201 2491 '4
217 2400 321 2469 unciis
338 2421 414 2468 cum
429 2396 549 2470 sem'ille
569 2405 697 2497 gravior
716 2406 863 2472 inventus
877 2404 920 2473 est
935 2401 1037 2498 qufam
1056 2406 1257 2489 exinanitus,
1284 2332 1364 2474 edm
1385 2397 1542 2499 superiori

171 2493 279 2567 astate
291 2491 414 2564 duabus
426 2517 552 2566 tantum
576 2501 678 2566 unn'it
698 2503 827 2593 gravior
859 2502 1010 2579 inventus
1030 2495 1106 2569 ell'et
1124 2497 1235 2569 sereno
1257 2495 1409 2571 &calido
1430 2495 1542 2570 caclo:

171 2589 261 2663 adeo
277 2609 313 2660 ut
328 2589 432 2688 duplo
448 2596 577 2687 gravior
588 2594 621 2661 in
637 2592 803 2688 posteriori
825 2596 1047 2690 experimento
1058 2592 1160 2687 qulam
1179 2596 1214 2661 in
1228 2599 1324 2684 priori
1340 2590 1444 2665 sacius
1466 2590 1538 2663 sue·

170 2689 229 2762 tit.
266 2688 366 2757 Tanti
389 2682 576 2756 discriminis
596 2691 679 2757 inter
701 2683 826 2759 easdem
844 2692 925 2759 a'c'ris
942 2687 1056 2770 moles
1077 2687 1162 2759 hanc
1188 2686 1283 2760 allent
1301 2694 1459 2761 rationem
1490 2695 1541 2763 D.

169 2777 351 2877 Homberg
368 2781 458 2878 quod
471 2777 642 2852 subtilioris
656 2789 795 2854 mattriae
813 2791 916 2875 major
932 2805 1063 2869 motus,
1084 2809 1121 2858 er
1145 2809 1213 2881 quo
1226 2795 1331 2877 major
1343 2787 1455 2856 itidem
1468 2790 1538 2854 ori-

169 2894 227 2948 tur
242 2873 351 2962 calor,
364 2882 398 2947 in
412 2877 507 2969 ellare
521 2879 689 2972 particulas
705 2882 783 2949 a'c‘ris
796 2881 873 2951 alias
885 2878 926 2950 ab
934 2879 1002 2949 aliis
1016 2875 1207 2974 sejunxerit,
1224 2888 1259 2954 dc
1279 2900 1540 2976 eorumquoque

169 2969 305 3044 clateris
315 2972 484 3044 evolverit.
521 2973 651 3044 Contrb
669 2973 785 3072 hyeme
799 3000 873 3045 cum
887 2974 1007 3046 subtilis
1030 2980 1162 3065 materie
1184 2980 1250 3046 a't'ri
1269 2976 1413 3046 immislae
1430 2980 1540 3045 minor

170 3062 214 3140 stt
227 3070 344 3166 copia,
359 3075 392 3139 δι
414 3071 521 3137 minor
535 3091 642 3139 motus
660 3125 670 3155 ,
690 3092 794 3168 partes
816 3076 896 3141 a'e'ris
915 3071 1118 3170 propriosne
1137 3073 1278 3170 pondere
1295 3073 1365 3144 alia
1386 3070 1456 3142 aliis
1483 3074 1537 3139 in-

171 3161 356 3249 cumbunt,
371 3164 453 3234 unde
467 3171 500 3234 &
516 3161 642 3234 uberior
662 3189 773 3236 earum
793 3171 890 3263 copia
905 3164 1040 3263 globum
1070 3168 1255 3266 ingreditur.
1294 3173 1339 3240 Ex
1363 3164 1480 3263 quibus
1503 3164 1541 3236 id

168 3258 316 3358 oolligit,
333 3257 496 3332 diversum
509 3265 590 3330 a'c'ris
608 3264 736 3359 pondus
751 3289 817 3335 non
838 3262 967 3336 aliunde
980 3267 1057 3333 oriri
1072 3266 1174 3359 qubm
1187 3289 1225 3334 ex
1239 3263 1427 3337 admistione
1443 3285 1535 3361 peren
1608 3278 1614 3287 '

170 3363 274 3460 grinae
296 3365 329 3426 dt
351 3359 506 3451 gravioris
533 3363 685 3430 materiae.
724 3355 949 3455 Quamobrem
973 3364 1006 3427 in
1025 3383 1145 3454 magno
1170 3360 1245 3429 ello
1264 3357 1367 3428 levior
1393 3357 1438 3426 est
1455 3366 1508 3428 a'c'r
1523 3409 1540 3439 ,

169 3455 267 3553 quod
285 3447 408 3523 subtilis
427 3445 603 3521 substantioe
617 3459 828 3552 majotcopia
842 3477 969 3524 tumeo
984 3450 1021 3524 sit
1042 3455 1200 3549 permista.
1241 3455 1330 3525 Cum
1343 3456 1398 3521 a'c'r
1418 3451 1542 3521 calidus-

167 3552 220 3624 est
242 3557 277 3624 ει
291 3547 462 3631 humidus,
475 3569 545 3616 tum
559 3553 659 3643 magis
673 3549 855 3643 ponderat,
880 3547 983 3642 qudm
1007 3546 1062 3618 ubi
1082 3551 1126 3620 est
1139 3547 1368 3618 tantuntmodo
1389 3544 1541 3634 calidus,

169 3669 341 3818 311stng
355 3643 442 3807 aquli
452 3638 656 3805 pprmiscetuc
669 3676 679 3729 3
691 3641 825 3809 frigiplus
841 3649 895 3715 a‘e'r
909 3646 1010 3742 magis
1022 3649 1190 3741 poriderat,
1202 3664 1307 3741 neque
1318 3644 1443 3714 enituit
1461 3666 1541 3713 curn-

391 3762 411 3805 u
504 3763 574 3805 vor
872 3796 881 3814 .

169 3836 174 3843 '
218 3763 461 3998 Qaeullppnsdelil
479 3762 897 3930 ibellllglllepllerrllldceell'elrt
915 3841 949 3908 in
966 3834 1154 3932 bilanceap
1195 3830 1290 3921 nso,
1315 3855 1383 3903 non
1400 3834 1440 3905 de
1464 3841 1544 3908 a'c'rt

170 3941 321 4038 quicum
359 3930 537 4026 peltargpro
552 3928 685 4002 libratur
708 3936 740 4001 in
763 3930 981 4006 batometro:
1009 3935 1132 4001 namin
1155 3860 1286 4002 bilance
1306 3935 1360 4002 a'e'r
1385 3936 1418 4000 in
1461 3932 1544 4005 arvis

170 4032 263 4113 mole
275 4025 485 4129 expenditur,
501 4026 588 4095 null'al
599 4025 710 4096 habiti
724 4033 845 4102 ratione
856 4036 953 4101 totius
967 4026 1146 4113 columnae,
1164 4048 1236 4123 quae
1247 4027 1292 4096 est
1304 4032 1336 4096 in
1356 3959 1550 4123 equilibrio'

170 4155 251 4203 mm
272 4126 463 4224 hydrargyri
485 4120 639 4193 columns
664 4158 680 4213 ·,
698 4146 804 4219 neque
825 4149 900 4195 cum
938 4127 1016 4196 arrd
1039 4125 1119 4192 a'e'ris
1135 4122 1223 4193 molt
1235 4177 1248 4210 ,
1270 4120 1366 4194 elsua
1384 4121 1541 4195 columns

169 4224 342 4325 separatim
358 4216 547 4286 considerati
563 4242 790 4315 comparatur,
804 4225 843 4291 de
855 4150 971 4316 quibus
982 4215 1079 4316 suprd
1091 4215 1236 4290 diximus.

171 4320 174 4324 ’
221 4319 290 4392 Sub
302 4321 386 4389 idem
401 4336 527 4410 tempus
540 4337 613 4385 cum
630 4322 677 4389 D.
691 4316 864 4416 Homberg
877 4315 1092 4413 quorumdam
1109 4315 1276 4411 liquorum
1291 4315 1432 4417 pondera
1446 4308 1538 4414 sirpe.

169 4421 254 4492 nori
270 4417 375 4486 estate
385 4415 567 4479 exanimata
579 4438 654 4483 cnm
670 4416 858 4484 eorumdem
874 4409 1064 4511 ponderibus
1079 4408 1209 4506 llytmis
1223 4433 1371 4509 tempore
1386 4412 1543 4508 explota‘

171 4518 217 4584 tis
228 4509 380 4585 contulit.
413 4502 554 4575 Eandem
575 4507 738 4604 liquorum
753 4511 876 4582 molem
888 4509 1063 4610 appendit,
1085 4503 1137 4577 ssd
1150 4529 1191 4576 ea
1210 4506 1250 4577 de
1275 4532 1309 4578 re
1331 4505 1458 4578 uberius
1469 4507 1543 4578 alio

375 4633 403 4680 r.

171 4606 486 4803 loepgpegaedam
505 4703 602 4774 etiam
624 4704 839 4800 experimenta
855 4699 933 4774 lecit
950 4706 1036 4774 circa
1060 4701 1166 4770 vanos
1180 4696 1332 4797 syphonis
1356 4696 1490 4771 effidus
1503 4703 1542 4772 in

169 4801 252 4900 [οφ
266 4825 401 4896 vacuo,
426 4822 496 4902 que
506 4799 558 4875 dic
580 4826 624 4876 ao
639 4797 789 4904 ,nugulli
806 4797 966 4897 exposuit.
984 4803 1121 4873 Summo
1141 4793 1210 4870 haec
1229 4794 1274 4867 eli
1297 4821 1312 4869 a
1330 4792 1456 4868 causata
1475 4820 1538 4898 pe·

1280 4897 1382 4994 Pes
