3646 5430
378 377 732 454 'scansilia
792 381 1134 462 HISTORIA.
1180 383 1330 464 [iul.
1492 398 1539 479 67

219 481 227 500 ’
255 475 314 550 ola
326 482 437 574 qua'm
452 481 503 547 vir
522 473 723 551 Illustriffim.
745 483 779 550 δι
794 481 885 550 omni
904 478 1052 550 dostrina
1067 483 1213 580 prasiana
1228 489 1270 555 D.
1289 484 1381 559 Huet
1397 541 1408 575 ,
1427 482 1536 585 postea
1556 485 1611 551 De

244 582 251 592 '
278 570 380 645 oensis
396 569 572 670 Episcopus
583 571 710 644 miserat
725 575 776 645 dic
789 574 934 670 29.Julii
956 630 967 660 ,
988 573 1070 646 lessa
1093 577 1156 650 suit
1171 587 1204 651 dc
1224 584 1258 649 in
1288 591 1537 655 commentarios
1556 580 1643 669 Hr'ss,

168 675 282 757 relata.
306 672 376 742 Hic
389 665 483 770 piscis
493 667 545 741 sex
559 669 654 768 pedes
669 667 784 767 longus
799 693 887 757 erat,
915 667 1004 767 isque
1022 673 1245 772 cartilaginem
1275 711 1285 764 3
1305 701 1401 774 caput
1426 683 1537 751 iridem
1554 679 1668 754 Antra

168 767 419 864 matilagiueum
442 824 454 855 ,
477 769 525 837 uti
542 774 576 838 &
600 759 689 861 spina
708 763 847 862 squamis
891 767 1017 840 raeduris
1034 773 1180 858 munita,
1196 770 1326 842 dorsum
1344 798 1477 870 quoque
1503 783 1537 846 δι

169 866 269 941 hecra
283 896 295 953 3
307 863 404 962 'pellis
417 863 529 935 itidem
545 864 644 940 dura,
661 856 774 934 ussine
789 791 934 935 dentibus
946 867 1032 935 intus
1047 864 1185 964 politum
1201 901 1211 954 3
1233 891 1291 936 cot
1313 870 1483 965 angustum
1502 878 1537 943 &

170 962 292 1048 molle,
306 961 524 1051 pericardium
540 951 824 1045 meorbranosum,
844 983 919 1030 cum
935 962 969 1028 iu
986 967 1109 1054 majore
1126 985 1215 1056 parte
1235 962 1368 1060 piscium
1386 960 1422 1036 srt
1437 971 1535 1038 catti.

170 1057 355 1157 lagineum.
374 1055 581 1129 Ventriculus
602 1053 714 1124 itidem
737 1054 900 1151 angustior
919 1078 1016 1150 ,pars
1031 1063 1098 1147 ejus
1118 1052 1229 1128 infima
1253 1053 1430 1130 musculosa
1453 1087 1536 1133 con·

169 1152 208 1227 th
234 1153 316 1240 liis,
332 1156 479 1222 ermaceis
491 1153 623 1223 uncinis
640 1157 819 1248 ,gammari
832 1148 958 1223 referta.
981 1153 1088 1240 Hujus
1100 1151 1212 1223 dextro
1226 1153 1316 1225 lateri
1324 1153 1536 1229 *aihaerescere

169 1182 285 1322 visum
297 1246 340 1319 est
356 1272 471 1346 corpus
492 1247 657 1345 quoddam
671 1243 914 1342 glandulosum,
928 1248 1017 1340 quod
1031 1246 1170 1320 litteram
1189 1257 1242 1337 V,
1267 1250 1490 1345 exprimebat,
1515 1278 1533 1350 5

173 1347 208 1416 di
235 1350 286 1416 ‘tis
298 1345 428 1440 longum
440 1354 474 1418 dc
510 1366 626 1415 uatuor
639 1339 741 1413 larum
755 1343 787 1412 in
802 1366 891 1443 parre
902 1337 1056 1437 superiori
1069 1376 1079 1430 3
1094 1369 1160 1416 uno
1175 1348 1277 1444 digito
1287 1342 1434 1434 crassum,
1448 1355 1535 1447 rugis

177 1371 342 1539 ogerum,
360 1447 394 1511 dt
406 1436 463 1510 sub
526 1447 551 1511 ri
566 1436 709 1509 coloris:
734 1443 819 1507 circa
841 1434 906 1507 hoc
926 1459 1041 1535 corpus
1061 1440 1205 1510 intestina
1226 1463 1327 1512 unum
1352 1436 1534 1513 efficiebant

179 1541 345 1607 circuirum
359 1592 371 1623 ,
385 1559 456 1606 tum
467 1543 501 1607 in
512 1535 693 1607 abdominis
708 1555 833 1629 partem
847 1529 994 1605 infimam
1012 1529 1242 1607 descendebant
1258 1593 1269 1624 ,
1298 1542 1333 1606 δι
1363 1540 1396 1607 in
1418 1537 1534 1610 orbem

180 1634 244 1703 asia
258 1637 410 1704 inanum
424 1629 616 1704 defluebant.

217 1726 284 1799 Sub
301 1727 425 1827 pyloro
439 1727 586 1799 foramen
597 1747 665 1796 crat
676 1746 744 1794 uno
755 1724 858 1828 digito
871 1723 996 1816 larum,
1020 1752 1076 1824 per
1093 1728 1182 1824 quod
1202 1729 1241 1799 ad
1261 1754 1376 1828 corpus
1396 1730 1535 1828 glandu.
1575 1796 1577 1800 ,

173 1819 272 1895 losum
288 1821 420 1923 patebat
434 1826 537 1895 aditus
551 1859 562 1913 3
574 1821 665 1920 quod
685 1825 798 1917 utique
813 1845 881 1893 non
893 1819 976 1908 lien,
990 1847 1025 1894 ut
1037 1820 1142 1894 visum
1156 1827 1200 1895 eli
1216 1827 1363 1912 Belonio,
1378 1823 1429 1896 sed
1444 1828 1534 1923 chyli

173 1919 255 1992 sorte
272 1920 318 1991 est
331 1919 581 2018 receptaculum.
611 1924 689 1990 Hoc
700 1922 788 1988 enirn
802 1915 933 2014 plenum
947 1917 1046 2014 chylo
1064 1941 1225 2014 repertum
1240 1924 1285 1992 est
1303 1945 1311 1990 ε
1332 1931 1399 2010 ejus
1415 1929 1534 2003 cavitas

173 2021 270 2131 rariia
278 2039 348 2183 erpt
360 2011 491 2115 capsulis
500 2015 782 2184 esagperatalloc
791 2036 908 2111 corpus
919 2037 976 2124 per
986 2011 1170 2109 complures
1181 2011 1331 2087 vasorum
1339 2040 1447 2088 ramos
1457 2041 1533 2091 cum

172 2134 316 2185 rmtrrcu
330 2139 353 2182 o
369 2137 537 2183 commum
597 2132 654 2198 at,
668 2134 697 2180 cr
724 2131 840 2180 uectat
854 2130 942 2179 contr
965 2134 1055 2182 uum.

220 2210 314 2280 Idem
360 2207 432 2279 land
453 2204 524 2279 usus
537 2207 632 2300 hujus
646 2135 791 2298 corlloris
810 2134 1021 2277 videturgesl'e
1064 2210 1096 2276 ui
1118 2200 1298 2277 mesenterii
1320 2204 1482 2302 cujusdam
1496 2215 1532 2282 in

176 2302 268 2379 Orbe
284 2308 317 2402 pi
334 2328 370 2374 ce
385 2303 469 2376 infra
484 2304 636 2402 pylorum
671 2299 768 2386 ofiti,
797 2308 830 2372 ἀ
854 2301 1003 2371 duodeno
1024 2230 1259 2372 adhaerescentis
1282 2359 1292 2389 ‚
1316 2305 1405 2399 quod
1433 2305 1533 2402 clrylo

172 2404 282 2475 itidem
298 2403 462 2500 oppletur.
489 2404 592 2496 Supra
604 2328 756 2496 pylorum
767 2401 800 2466 iu
816 2393 982 2466 stomacho
994 2392 1140 2466 foramen
1150 2395 1228 2464 inest
1240 2400 1328 2489 quod
1342 2403 1375 2467 in
1388 2403 1531 2498 amplam

173 2505 348 2570 cavitatem
364 2500 455 2569 ducit
466 2491 645 2596 sesquipede
659 2494 813 2588 longam,
830 2499 864 2562 δι
877 2496 911 2561 in
925 2489 1032 2577 medio
1048 2483 1099 2560 sex
1117 2491 1224 2586 digitis
1241 2490 1338 2560 latam
1357 2545 1368 2576 ,
1396 2518 1533 2590 quaque

174 2594 335 2690 paulatim
345 2589 451 2664 sersus
464 2615 598 2663 extrema
610 2585 647 2661 fit
660 2591 794 2661 arctior.
811 2596 922 2661 Vacua
943 2605 1012 2655 erat
1033 2583 1086 2655 illa
1100 2590 1240 2670 cavitas,
1266 2592 1301 2656 δι
1316 2583 1355 2654 ab
1372 2596 1462 2658 omni
1473 2615 1530 2661 cx.

175 2709 295 2759 craneo
307 2713 441 2788 corpore
452 2711 628 2786 pora,·nec
644 2690 822 2782 quicquam
840 2685 925 2756 aliud
944 2676 1011 2753 visa
1030 2680 1075 2752 est
1087 2703 1188 2780 quam
1204 2681 1285 2752 a'c'ris
1301 2684 1466 2778 quoddam
1483 2711 1532 2758 re·

175 2781 399 2881 cepraculum,
415 2809 450 2856 ut
467 2792 499 2855 in
514 2783 623 2854 multis
636 2779 769 2880 piscibus
783 2784 948 2880 reperitur.

218 2881 321 2950 ledia
342 2877 403 2952 bac
418 2878 558 2978 Epistola
581 2879 612 2948 id
631 2872 819 2965 conclusum
836 2874 898 2946 suit
912 2899 948 2946 ut
961 2881 1005 2949 1).
1030 2876 1166 2975 Gallops
1186 2879 1337 2949 Domino
1358 2880 1450 2950 Huet
1465 2877 1531 2952 res-

170 2972 329 3063 criberet,
346 2981 441 3074 cique
452 2985 487 3049 δι
500 2973 692 3046 Cadomensr
706 2974 909 3058 Academia,
928 2969 1104 3046 l’arifiensrs
1118 2975 1249 3044 nomine
1262 2978 1380 3068 gratias
1397 3001 1414 3044 a
1439 3000 1527 3065 eret,

170 3068 307 3143 simul&
320 3096 393 3143 eam
406 3096 534 3168 roparet
545 3094 581 3142 ut
595 3068 729 3170 piscium
742 3072 912 3140 anatomia
924 3065 1011 3138 suam
1025 3091 1154 3140 navaret
1171 3092 1303 3166 operam
1316 3121 1326 3144 ‚
1339 3001 1531 3166 quosmare

169 3163 347 3239 finitimum
357 3164 482 3240 diversa
497 3165 629 3269 piscium
642 3190 759 3265 genera
774 3169 811 3234 iis
825 3158 1024 3261 suppeditet:
1039 3189 1114 3235 cum
1128 3168 1247 3236 interea
1258 3165 1429 3238 Academia
1442 3170 1529 3268 regia'

169 3267 261 3334 variis
273 3268 491 3334 animantium
505 3260 672 3362 generibus
685 3261 865 3333 dissecandis
877 3260 1088 3337 incumberet.

177 3363 179 3368 ’
211 3364 275 3434 lv.
295 3360 444 3433 Castoris
468 3357 567 3456 paulo
586 3381 661 3429 anre
673 3356 791 3429 dissecti
811 3350 980 3455 descriptio
994 3357 1076 3430 lecta
1090 3359 1152 3431 fuit
1166 3382 1237 3457 quae
1252 3356 1341 3430 brevi
1356 3361 1426 3458 post
1444 3387 1528 3434 tem·
1647 3382 1650 3389 ·

169 3452 898 3646 1011.ηὸἓηῖῃῖῗῆἛξιὲ111115η111111υκ
918 3544 939 3617 “a
956 3545 986 3616 se
1002 3553 1086 3620 circa
1100 3551 1245 3642 quaedam
1266 3546 1382 3619 iniecta
1399 3550 1529 3629 fuerunt

171 3645 354 3726 mierum
367 3641 526 3743 exposuit.
552 3649 619 3718 Res
631 3643 696 3745 ipsa
710 3648 896 3742 cognitione
909 3643 1003 3738 digna
1018 3640 1083 3712 visa
1096 3644 1139 3712 est
1158 3669 1167 3712 ε
1182 3668 1257 3712 uam
1270 3668 1320 3714 ars
1332 3648 1441 3718 divina
1461 3673 1529 3719 nort

176 3746 275 3814 minus
297 3749 334 3814 in
356 3736 573 3812 minutissimis
587 3741 786 3814 animalculis
806 3735 954 3811 elucescit
979 3762 1077 3834 quam
1092 3743 1125 3808 in
1141 3742 1264 3837 magnis
1277 3743 1490 3818 animantibus
1516 3779 1527 3835 3

174 3839 413 3910 mucurisin
427 3842 470 3908 eis
481 3840 525 3909 est
537 3843 674 3939 partium
693 3843 829 3910 varietas
850 3846 883 3909 &
897 3832 1111 3934 pulchritudo.

225 3937 286 4006 Vl.
308 3929 458 4008 Primrlm
474 3933 674 4008 Erucamille
687 3930 895 4006 confideravit
909 3936 1005 4002 variis
1019 3931 1199 4016 dillinslam
1220 3933 1313 4003 radiis
1330 3930 1351 4003 *a
1369 3939 1474 4101 cqpite
1486 3939 1526 4008 ad

168 4051 348 4102 extremam
356 4026 456 4127 usque
469 4037 612 4130 corporis
624 4032 928 4127 partemporrtslis,
943 4031 1105 4122 utrimque
1114 4031 1227 4124 aequali
1237 4029 1349 4098 ordine
1361 4031 1392 4099 di
1431 4030 1527 4107 osiris.

168 4131 209 4197 ln
223 4125 338 4195 medio
348 4151 425 4196 unus
437 4135 471 4198 δι
485 4128 635 4197 candidus
648 4183 659 4213 ‚
674 4125 728 4196 alii
741 4126 901 4197 hincinde
915 4148 1031 4219 magna
1047 4121 1194 4194 colorum
1215 4129 1366 4195 varietate
1377 4124 1443 4197 &s
1459 4127 1528 4196 len.

168 4223 248 4292 dore
269 4225 401 4294 micant.
428 4227 507 4293 Hoc
519 4247 618 4320 genus
632 4246 799 4292 erucarum
816 4229 847 4292 in
863 4225 970 4321 prunis
982 4217 1179 4312 frequentius
1196 4224 1345 4293 occurrit.
1359 4225 1419 4290 Ser
1443 4226 1526 4292 ccirn

170 4315 326 4416 pedibus,
343 4319 421 4388 ouo
433 4341 472 4387 ex
484 4339 623 4413 utroque
639 4317 758 4403 latere,
779 4342 814 4389 ut
839 4341 910 4415 pars
929 4337 1096 4385 erucarum
1121 4321 1259 4386 inaxima
1285 4316 1422 4385 donatur
1443 4373 1452 4401 ,
1475 4313 1527 4388 sex

171 4419 266 4512 capiti
277 4416 447 4512 propiores
465 4446 475 4502 3
495 4413 560 4482 duo
573 4421 606 4485 in
619 4436 763 4485 extremo
782 4471 792 4503 ,
815 4416 893 4485 osto
906 4410 1109 4495 intermedii,
1133 4412 1214 4481 inter
1238 4436 1319 4508 quos
1345 4411 1527 4510 complures

171 4512 242 4585 sunt
262 4533 372 4607 rugat,
389 4533 526 4604 quarum
545 4534 695 4581 numerus
707 4515 741 4580 in
752 4507 909 4610 plerisque
923 4509 1039 4609 pedum
1059 4528 1195 4577 numero
1213 4506 1379 4604 respondet
1403 4561 1413 4590 ,
1440 4531 1526 4574 non-

168 4609 262 4682 uullae
279 4628 392 4675 tamen
410 4608 444 4674 in
460 4631 558 4678 unam
576 4612 741 4701 utrimque
761 4633 873 4706 rugam
890 4604 992 4705 prope
1013 4603 1200 4699 posteriores
1216 4607 1309 4702 pedes
1330 4597 1524 4698 crispantur,

166 4729 268 4801 pqque
278 4697 412 4771 dorsum
424 4702 517 4773 altius
530 4708 613 4774 inter
624 4704 834 4774 incedendum
845 4702 1009 4775 attollunt.

183 4805 297 4880 .H2c
317 4796 619 4900 declamoJunii
637 4805 671 4872 iu
697 4793 907 4898 chrysallidem
931 4803 1020 4870 tenui
1048 4795 1132 4893 pelle
1160 4795 1332 4960 obdustanp
1359 4848 1369 4906 3
1394 4815 1463 4863 tum
1487 4798 1532 4870 io·
1578 4887 1581 4893 1

377 4919 380 4924 ,
1357 4915 1378 4982 υ
