3646 5430
336 392 660 470 lenonium
719 392 1056 468 HISTORIA.
1088 389 1233 467 [mvl.
1389 392 1431 469 ’Β

81 485 199 565 ineritd
218 488 312 582 hujus
323 490 546 587 disputationis
560 494 716 591 principia
726 491 825 589 paulo
836 490 931 564 altius
942 511 1096 591 repetere,
1111 497 1146 563 dc
1160 510 1316 589 perpauca
1329 487 1368 566 de
1380 422 1450 567 sort9i
1467 467 1584 576 Phyle,

81 587 214 671 naturl,
230 611 268 656 ac
282 588 322 655 de
337 587 419 658 illius
433 591 666 684 propagatione
684 585 823 684 praefari.
1463 596 1516 646 Μ’

135 679 219 751 Illud
231 685 338 776 primo
349 682 426 752 loco
438 683 566 772 slatuit,
586 683 625 752 ad
647 679 717 753 soni
738 683 986 781 produdlionem
1007 678 1212 756 neceffiriam
1237 680 1298 755 esse
1320 682 1449 757 celerri-

80 803 171 849 mam
186 780 266 845 a‘e'ris
281 781 537 849 commotionem
550 834 562 860 ,
577 779 842 876 quandoquidem
872 783 956 850 intra
975 782 1136 850 minutum
1152 777 1325 852 seeundum
1337 781 1377 851 ad
1390 787 1450 855 rao
1534 854 1542 871 ,

82 869 258 969 bexapedas
275 871 374 968 usqne
386 870 599 962 diffunditur,
614 875 696 945 adeo
719 895 754 944 ut
780 878 864 946 intra
883 878 976 944 unius
999 872 1085 943 hora
1111 872 1247 973 spatium
1269 885 1324 962 2⁸3
1346 876 1451 948 leucas

81 966 178 1037 sonus
200 991 396 1063 percurreret
418 1023 428 1058 ,
453 966 476 1036 sr
499 969 596 1040 causre
618 968 713 1040 nullae
729 975 899 1042 exteriores
916 968 1001 1039 illius
1028 975 1256 1069 propagationi
1277 970 1451 1044 obstarentr

83 1068 185 1134 Hunc
204 1086 333 1133 motum
351 1069 416 1135 a'c'ri
434 1089 500 1133 non
515 1065 642 1135 aliunde
653 1066 755 1160 qudm
768 1060 1031 1136 avibrationibus
1041 1069 1210 1135 concitatis
1220 1066 1447 1160 particularum

82 1154 191 1228 sonori
207 1164 352 1253 corporis
370 1154 526 1254 proficisci
542 1165 679 1231 rationes
694 1155 834 1259 Phylea
844 1161 982 1230 omnino
995 1155 1190 1257 persuadent.
1217 1165 1301 1255 erae
1317 1163 1450 1257 quidem

82 1257 164 1323 a'e'ris
180 1253 341 1352 particula
360 1259 393 1325 vi
410 1254 550 1351 quddam
563 1255 689 1326 elartica
701 1258 860 1327 donantur
880 1283 888 1324 ι
906 1277 1119 1352 quacumque
1138 1254 1176 1325 stt
1192 1261 1330 1328 exterior
1344 1253 1449 1344 causa,

82 1349 167 1417 unde
186 1351 239 1421 illa
256 1353 363 1445 prodit
379 1349 778 1445 impreffio,vibrationum
793 1346 953 1420 diversitas
972 1344 1086 1418 sonum
1103 1347 1145 1421 sre
1163 1360 1361 1448 temperat&
1376 1376 1450 1422 mo-

82 1441 190 1516 dificat
208 1468 245 1516 or
257 1467 412 1518 tonorum
425 1443 543 1517 efficiat
557 1451 764 1533 varietatem,
778 1447 860 1517 adeo
872 1466 908 1515 ur
926 1441 1101 1516 crebriores
1111 1443 1308 1518 vibrationes
1331 1448 1454 1518 todem

83 1559 232 1636 tempore
250 1542 441 1637 prodeuntes
460 1564 575 1612 tonum
593 1537 736 1614 efficiant
751 1546 941 1616 acutiorem.

141 1645 173 1710 V
188 1642 212 1706 1.
251 1636 288 1705 ld
309 1661 442 1734 quoque
465 1633 538 1708 satis
559 1659 674 1708 notum
700 1639 743 1707 est
772 1636 973 1706 instrumenti
993 1633 1106 1707 musici
1131 1629 1208 1707 fides
1227 1642 1302 1736 ‘qure
1325 1635 1449 1736 semper

85 1731 276 1819 equabiliter
305 1731 376 1803 sunt
399 1730 520 1819 tense,
541 1736 641 1828 aequis
660 1731 859 1828 temporibus
875 1729 979 1829 plures
991 1728 1118 1804 efficere
1131 1730 1351 1820 vibrationes,
1378 1736 1454 1829 qud

85 1824 157 1898 sunt
173 1827 333 1898 breviores
346 1853 356 1899 ι
370 1837 403 1901 &
416 1826 552 1899 vicisfirn
569 1827 623 1899 ubi
634 1830 745 1898 eadem
759 1823 881 1925 semper
901 1850 1008 1898 manet
1032 1825 1208 1925 longitudo
1222 1879 1232 1908 ,
1257 1835 1326 1924 quo
1343 1837 1450 1920 major

84 1917 131 1993 est
144 1920 271 2006 tensio,
295 1932 336 1992 eo
359 1922 532 1994 crebriores
547 1920 618 1995 srurr
631 1921 847 1995 vibrationes.
876 1925 930 1991 Sic
949 1922 1014 1993 duo
1030 1919 1123 1995 sones
1135 1928 1228 2019 aqud
1243 1923 1343 2011 tensi,
1360 1945 1450 2020 quo-

86 2042 160 2087 rum
174 2042 253 2089 unus
266 2016 393 2088 alterius
407 2014 443 2089 srr
458 2019 595 2115 duplus,
612 2043 728 2091 tonum
741 2015 906 2103 efficient,
922 2022 982 2111 qui·
999 2016 1170 2114 diapason,
1187 2017 1239 2091 seu
1258 2021 1373 2090 octava
1386 2039 1449 2086 vo-

86 2117 202 2185 citatur
219 2149 228 2203 3
245 2109 267 2181 ss
282 2136 361 2183 unus
375 2114 411 2187 srt
425 2116 466 2185 ad
477 2114 635 2200 alterum,
656 2138 692 2185 ut
715 2141 731 2185 2
754 2115 793 2183 ad
809 2142 842 2205 3,
858 2119 902 2187 ita
915 2135 950 2181 ut
963 2118 1047 2184 ratio
1060 2109 1095 2183 fir
1113 2113 1337 2211 sesquilatera‚
1354 2134 1455 2183 tonos·

87 2208 230 2308 prodibit
244 2214 299 2301 qni
312 2210 481 2307 diapente,
496 2207 549 2280 seu
563 2216 676 2304 quinta
695 2211 759 2279 dici
773 2205 865 2286 solet.
905 2211 1005 2301 Qtod
1020 2205 1041 2276 fi
1058 2210 1141 2281 inter
1159 2235 1214 2282 eos
1238 2210 1294 2281 illa
1312 2208 1348 2282 lit
1367 2210 1457 2279 ratio

88 2328 189 2397 quae3
210 2304 249 2374 ad
268 2330 294 2393 4
311 2356 320 2386 ,
336 2326 430 2373 tonus
442 2302 580 2401 prodibit
592 2302 780 2375 diatessaron
800 2359 812 2390 ‚
834 2303 935 2401 vulgo
952 2311 1110 2394 quarta&
1137 2311 1181 2376 ira
1201 2305 1311 2401 porro.
1360 2309 1453 2376 Hinc

88 2420 268 2470 concentus
282 2397 331 2466 illi
343 2395 477 2485 mufici,
499 2396 554 2467 seu
566 2401 793 2496 proportiones
812 2397 1006 2468 harmonica
1027 2422 1065 2466 ex
1087 2403 1125 2470 el
1141 2421 1216 2494 quar
1232 2405 1315 2472 inter
1340 2397 1457 2468 fidium·

89 2493 306 2594 longitudines
317 2496 483 2564 intercedit
496 2497 707 2591 proportione
719 2516 898 2591 emergunt.
937 2491 989 2560 Sic
1009 2492 1063 2563 ubi
1077 2499 1158 2564 inter
1171 2493 1248 2564 fides
1257 2519 1294 2566 ea
1307 2496 1352 2565 est
1371 2495 1460 2564 ratio

90 2616 162 2687 quae
186 2589 250 2659 rad
266 2586 375 2682 4,vel
391 2621 406 2665 r.
420 2590 460 2660 ad
479 2598 520 2674 8¹,
539 2610 608 2660 turn
626 2585 721 2684 dupla
737 2643 748 2674 ,
770 2612 825 2660 aut
845 2586 938 2685 tripla
952 2590 1068 2658 octava
1087 2612 1218 2687 exurget
1247 2619 1257 2662 ε
1281 2613 1379 2686 atque
1404 2585 1460 2657 lm·

89 2688 257 2782 postrema:
274 2687 412 2757 rationes
432 2681 679 2781 comptioribus
695 2684 959 2782 eomparataexad
974 2683 1150 2772 mela-*td
1167 2717 1206 2782 3,
1226 2686 1297 2758 strnt
1319 2703 1454 2757 remotae

89 2805 143 2854 ma
168 2804 207 2855 rs.
1084 2815 1089 2821 ⁷
1251 2828 1254 2833 ·

138 2809 234 2952 llll.
261 2880 329 2976 Qi
347 2877 390 2947 ad
400 2900 494 2947 aures
510 2877 633 2949 nostras
646 2875 781 2976 appellit
800 2870 917 2966 sonus,
934 2901 1001 2950 non
1019 2882 1046 2949 is
1057 2880 1285 2950 tantummodo
1301 2880 1345 2950 est
1362 2935 1373 2966 ,
1393 2883 1459 2975 qui

91 2972 237 3046 dsonoro
252 2996 387 3070 corpore
398 2971 485 3042 resta
497 2969 717 3071 proficiscitur,
737 2975 788 3044 sed
800 2976 931 3046 istriam
941 2979 1093 3070 quidcor
1119 2999 1173 3045 ore
1188 2973 1307 3046 sonoro
1320 2997 1454 3046 manans

89 3074 123 3139 in
138 3070 202 3144 alia
215 3071 326 3141 itidem
343 3070 449 3138 vicina
460 3091 596 3164 corpora
607 3073 790 3154 incurrens,
803 3068 876 3137 inde
890 3072 929 3141 ad
943 3092 1033 3140 aures
1043 3001 1164 3140 noKras
1180 3067 1311 3140 reflexus
1321 3065 1454 3167 longirls

90 3172 151 3237 iter
174 3169 329 3265 percurrit
342 3218 355 3250 ,
368 3186 404 3234 ur
417 3163 458 3234 ad
474 3187 534 3234 nos
561 3159 659 3257 usque
678 3166 866 3260 perveniat,
897 3164 999 3261 qudm
1024 3169 1082 3256 qui
1103 3165 1222 3236 diredle
1250 3161 1460 3242 diffunditur,

90 3271 290 3364 Quanquam
304 3259 356 3329 illa
373 3280 559 3354 temporum
571 3256 752 3332 differentia
765 3258 810 3328 est
824 3259 917 3332 nobis
927 3257 1110 3332 insensibilis
1123 3265 1155 3329 in
1167 3284 1235 3331 tam
1249 3266 1368 3358 exiguis
1381 3285 1455 3332 cor.

89 3386 207 3458 porum
226 3353 400 3428 intervallis
416 3362 475 3439 ,dt
487 3374 579 3423 tanta
594 3353 686 3442 hujus
704 3375 813 3422 motus
826 3355 1010 3441 celeritate,
1034 3358 1129 3446 idque
1144 3358 1282 3423 maxime
1300 3378 1374 3424 cum
1392 3377 1457 3428 au-

88 3462 132 3530 tis
150 3457 315 3552 perceptio
327 3472 395 3518 non
411 3449 493 3516 adeo
508 3447 553 3514 est
566 3442 739 3540 exquifita,
759 3449 888 3516 &duos
909 3446 1080 3517 confundit
1094 3444 1189 3516 sonos
1213 3501 1225 3532 ,
1259 3454 1316 3543 qui
1335 3454 1455 3544 exiguo

90 3554 246 3649 temporis
259 3547 360 3641 spatio
373 3547 456 3613 inter
469 3537 500 3610 se
513 3534 678 3612 differunt.
704 3540 765 3609 Sed
787 3541 841 3610 hic
859 3539 1002 3610 defertur
1028 3547 1061 3613 in
1081 3541 1226 3610 nostrum
1249 3543 1334 3613 cedit
1357 3563 1454 3613 com.

90 3652 227 3722 modum
243 3701 255 3730 ,
269 3634 422 3715 cumsoni
436 3633 483 3708 illi
497 3657 559 3705 una
573 3634 738 3729 cunundi
752 3631 814 3708 sese
836 3657 951 3708 mutuo
968 3636 1143 3731 adinum,
1164 3643 1198 3706 dr
1224 3634 1339 3710 fortius
1362 3660 1462 3709 aures
1557 3729 1559 3733 y

90 3742 282 3847 percellunt.

143 3846 248 3911 Sonus
266 3833 321 3905 ille
335 3854 373 3903 ex
388 3852 565 3927 corporum
579 3822 712 3926 occursu
725 3829 771 3898 ad·
780 3854 839 3901 nos
852 3825 952 3928 usque
966 3825 1102 3900 resiliens
1115 3839 1250 3922 majores
1262 3829 1384 3904 <suedo
1397 3829 1452 3902 so-

91 3966 136 4013 no
149 3936 237 4007 addit
250 3935 354 4016 eires,
371 3951 439 4024 quo
453 3922 647 3996 vibrationes
662 3932 729 4016 ejus
748 3929 906 3998 unacum·
920 3923 1028 3998 sonori
1054 3930 1199 4024 corporis
1218 3925 1461 3999 vibrationibus·

92 4032 273 4125 conjuncta
288 4049 385 4097 tonos
395 4019 535 4093 esliciant
546 4023 579 4090 in
594 4024 737 4116 propiori
752 4026 877 4090 rarione
890 4018 946 4092 sibi
960 4042 1231 4120 mutuoaptaros,
1250 4022 1352 4116 qualis
1363 4022 1415 4092 est
1425 4042 1461 4110 t,.

91 4135 132 4205 ad
146 4127 240 4215 2‚vel
261 4121 369 4209 aad)
394 4127 459 4190 dre.
495 4113 584 4188 illud
598 4114 759 4185 interdum
780 4119 958 4215 contingit,
975 4137 1011 4188 ut
1033 4141 1170 4214 corpora
1193 4113 1381 4213 quesonum
1403 4140 1453 4191 re·

91 4228 228 4299 fledrunt
239 4216 342 4310 ,sono
356 4211 562 4315 producendo
580 4209 643 4280 linr-
654 4215 756 4310 magis
770 4212 907 4301 idonea,
925 4215 1027 4309 qu'am
1041 4237 1158 4312 corpus
1170 4210 1272 4310 ipsum
1286 4208 1452 4295 sonorum,

93 4335 128 4405 δι
147 4319 341 4417 superiorem
355 4310 499 4384 efficiant
513 4329 651 4393 tonum,
668 4313 880 4476 qugpriorem
892 4313 1073 4408 extinguit:
1090 4309 1171 4380 adeo
1186 4305 1316 4379 ursolus
1333 4307 1373 4376 ad
1391 4333 1453 4380 au·

94 4444 143 4492 res
154 4412 295 4514 appellat
309 4445 321 4497 3
338 4402 463 4479 tametsi
476 4429 516 4475 ex
535 4407 576 4474 iis
587 4425 654 4473 non
668 4429 703 4501 pr
750 4409 821 4477 ierit
840 4399 933 4477 sonus
947 4462 959 4494 ‚
975 4431 1013 4477 ac
1027 4412 1146 4502 potiori
1162 4408 1285 4474 ratione
1300 4402 1333 4472 id
1345 4398 1464 4516 sapius·

94 4520 203 4588 evenit
214 4528 357 4582 urtonus
367 4527 405 4573 ex
421 4523 559 4596 utroque
577 4495 614 4570 fit
628 4496 844 4598 conpositus,
856 4526 897 4573 ex
910 4492 1019 4573 sonori
1033 4497 1151 4571 scilieet
1167 4507 1207 4572 δι.
1219 4495 1465 4574 renuentium..

94 4635 240 4778 tonllln·
275 4705 355 4773 ΗΜ
371 4691 476 4795 P⁰fit⁰
491 4684 561 4760 [ΟΜ
572 4685 738 4789 systemate
753 4750 771 4781 ‚.
792 4716 855 4786 qua
871 4696 994 4764 rarione
1008 4715 1072 4762 vox
1085 4691 1225 4763 bumana
1246 4747 1257 4777 ,
1280 4696 1315 4763 dt
1339 4682 1464 4761 diversi

93 4802 179 4882 illius
192 4795 461 4873 tonisorratutuu
473 4791 521 4863 D.
538 4787 1038 4889 Dodattdffiffpoufflpfflffig
1063 4790 1106 4862 st
1124 4784 1384 4956 qupdaecacsgm
1399 4810 1456 4858 ab
1514 4801 1516 4803 ,
