3646 5430
291 339 342 425 ¹58
569 322 793 399 ÷REG1AE
842 313 1362 414 SCIENTlthUMae

162 425 275 515 Aua.
292 419 366 496 'cuin
381 424 472 523 plura
482 444 579 521 grana
593 414 690 491 tritici
706 423 740 488 in
754 415 833 487 locis
843 413 864 486 a
875 410 906 486 se
920 417 1061 487 invicem
1075 407 1182 484 diffiris
1200 406 1371 511 sparsisset,
1386 433 1486 485 unum
1502 440 1540 488 ex
1556 422 1596 491 iis
1618 441 1650 514 ¹5

162 501 257 606 reia.
290 521 389 621 spicas
406 518 661 618 potuistine
678 515 763 588 aas.
1619 542 1647 587 -‚

161 618 196 685 δι
222 609 275 706 ῂ.
293 620 298 630 “
338 624 397 691 IV.
420 611 568 688 inter'eas
583 615 654 713 quae'
667 610 833 705 fatigium
850 607 1029 708 plantarum
1043 603 1184 707 analyses
1201 604 1394 678 cannabum
1408 608 1440 678 id
1459 605 1579 683 habere
1600 615 1652 686 vi·

292 712 363 785 sum
379 715 423 784 est
439 709 591 810 hugulare
611 769 622 799 ,
645 710 734 810 quod
757 731 832 778 eum
850 706 923 778 satis
943 701 1103 801 lignosum
1128 699 1165 776 sn
1187 761 1198 792 ,
1217 700 1342 775 nullum
1361 725 1469 775 tamen
1486 706 1652 804 liquorem

292 807 350 881 nist
363 805 725 906 sulphureum'praebeat,
735 801 873 874 multum
887 797 956 872 salis
974 798 1111 869 volatilis
1122 856 1133 887 ‚
1144 824 1183 870 ac
1194 795 1373 900 plurimdm¹
1387 800 1448 870 olei
1461 800 1656 900 suppeditet.

292 904 412 976 Sicilia
430 901 570 977 Bralsrcae
585 901 702 1001 species
715 923 779 996 que
792 900 815 970 a
826 897 958 968 floribus
971 919 1091 965 nomen
1106 894 1201 966 babet
1216 953 1226 980 ,
1242 893 1264 964 li
1290 920 1402 966 uorem
1421 902 1654 974 tantummodo

291 1001 461 1070 caeruleum
478 1001 584 1087 dedit,
599 994 654 1067 ubi
668 1020 743 1066 eum
760 993 948 1091 heliotropii
965 985 1064 1060 succo
1082 992 1247 1086 permistus
1263 919 1338 1063 duit.
1372 1009 1387 1024 ·‘

352 1105 395 1171 V.
420 1098 577 1165 Carnium
589 1115 722 1192 quoque
733 1087 867 1189 atralyfis
880 1085 967 1163 fasta
977 1085 1024 1173 ,cst
1034 1095 1058 1157 a
1070 1091 1114 1163 D.
1129 1086 1314 1157 Bourdelin.
1328 1085 1451 1184 5.librae
1462 1095 1567 1163 carnis
1578 1114 1651 1164 ver.

288 1200 431 1279 verina,
454 1191 601 1261 derradlis
616 1187 811 1260 membranis
822 1195 855 1260 &
865 1186 959 1281 adipe
969 1181 987 1268 ,“
998 1180 1147 1254 extillatae
1159 1182 1320 1277 liquorem
1340 1188 1429 1256 omni
1440 1211 1478 1257 ex
1494 1209 1587 1285 parte
1600 1184 1650 1260 fi.

289 1286 321 1360 le
334 1286 458 1361 volatili
471 1282 623 1357 refertum
635 1281 828 1384 prebuerunt
839 1317 848 1372 3
861 1310 893 1372 9.
907 1280 969 1350 olei
983 1274 1074 1350 crassi
1086 1282 1186 1348 unciae
1196 1312 1209 1371 3
1229 1278 1297 1348 duae
1312 1279 1422 1350 itidem
1431 1278 1502 1354 salis
1513 1282 1654 1358 volatilia

289 1382 469 1469 drachma,
489 1379 541 1451 lixi
560 1387 704 1478 quinque
717 1377 882 1476 prodiere,
896 1372 975 1445 nibil
983 1373 1067 1442 acidi
1075 1374 1252 1446 extractum
1264 1373 1320 1446 est.
1351 1377 1653 1453 Tantumdemsalis

291 1478 475 1552 volatilis&
491 1478 555 1548 olei
569 1484 603 1548 in
617 1478 766 1574 Cyprino
780 1469 862 1572 pisce
874 1492 1048 1570 repertum.

340 1583 399 1652 Vl.
435 1574 536 1674 Qod
552 1597 625 1646 ante
642 1564 852 1670 proposuerat
868 1574 913 1641 D.
929 1564 1023 1638 borel
1037 1621 1048 1654 ,
1062 1589 1097 1638 ut
1110 1570 1202 1638 uncia
1212 1561 1281 1638 salis
1299 1577 1482 1643 eommunis
1502 1602 1529 1668 4
1546 1581 1652 1653 unciis

290 1691 381 1767 aqua
405 1670 498 1742 fortis
515 1670 733 1741 infunderetur
749 1705 759 1760 3
781 1667 878 1763 idque
890 1661 1036 1735 futurum
1051 1661 1180 1750 aiebat,
1199 1687 1234 1734 ur
1251 1664 1392 1735 extillata
1412 1693 1496 1762 aqua
1515 1669 1596 1743 forti
1610 1669 1649 1744 sai

291 1772 472 1838 communis
490 1771 524 1836 in
539 1792 655 1864 purum
669 1763 873 1862 salem-petre
889 1759 992 1832 abiret
1016 1784 1025 1838 3
1046 1759 1125 1831 illud
1145 1758 1248 1859 ipsum
1274 1767 1320 1833 D.
1348 1765 1523 1841 Bourdelin
1544 1767 1595 1836 die
1614 1798 1645 1857 7.

291 1866 406 1933 Martii
420 1859 574 1932 effedlum
595 1862 691 1931 dedit.
725 1889 762 1953 4.
785 1863 884 1928 unciae
911 1851 980 1925 salis
1008 1859 1123 1926 marini
1154 1879 1228 1923 cum
1256 1854 1410 1928 sexdecim
1433 1865 1535 1932 unciis
1556 1888 1650 1959 aquae

289 1954 383 2029 fortis
405 1953 476 2029 sunt
490 1962 684 2029 commixta.
718 1953 873 2028 Exrillatis
896 1980 934 2027 ro
959 1956 1059 2022 unciis
1077 1976 1169 2050 aquae
1189 1949 1283 2024 fortis
1298 1949 1347 2022 sex
1372 1958 1474 2027 unciae
1501 1950 1568 2029 salis
1596 1984 1647 2029 re·

288 2049 456 2140 sederunt,
483 2059 540 2151 qui
560 2079 627 2122 non
640 2050 726 2121 aliud
752 2048 907 2144 quiddam
930 2044 990 2116 else
1010 2045 1175 2119 videbatur
1188 2071 1299 2145 praeter
1317 2051 1439 2121 nitrum
1467 2078 1479 2124 r
1507 2053 1649 2126 exhalata

290 2151 407 2218 iterum
419 2174 503 2244 aqua
529 2179 542 2239 5
565 2171 619 2218 aut
635 2160 654 2218 6
671 2143 830 2215 drachma
847 2141 918 2217 salis
942 2139 1054 2212 nitrosr
1076 2139 1278 2232 concrescere
1296 2141 1465 2220 visaesunr
1486 2151 1595 2221 :adeo
1615 2173 1649 2220 ut

290 2266 409 2339 magna
426 2269 496 2340 pars
508 2247 584 2314 nitri
598 2239 664 2312 und
680 2263 754 2310 cum
766 2235 829 2310 sale
842 2242 1010 2311 communi
1023 2236 1155 2310 confusa
1175 2243 1208 2309 in
1226 2265 1345 2336 aquam
1363 2238 1485 2317 fortem
1504 2244 1652 2317 tranfiiffe

292 2336 448 2410 videatur.
484 2333 610 2413 Verrlm
631 2336 696 2408 hoc
723 2339 979 2435 experimentum
1010 2338 1161 2407 iteratum
1192 2359 1344 2429 oportere
1373 2365 1488 2413 omnes
1524 2339 1649 2415 censue·

293 2455 379 2504 runt.

341 2533 389 2601 Ita
415 2554 455 2600 ue
480 2553 555 2601 eum
574 2533 684 2627 paucis
707 2527 777 2625 post
803 2526 911 2599 diebus
933 2532 980 2600 D.
1007 2525 1179 2599 Bourdelin
1201 2528 1280 2602 duas
1301 2529 1371 2604 salis
1395 2540 1513 2608 marini
1533 2564 1607 2610 cum
1631 2548 1649 2609 3

290 2648 382 2720 aquae
392 2555 493 2697 lortis
510 2631 610 2697 unciis
624 2622 794 2696 miscuisset
814 2622 1054 2720 &extillalset,
1081 2623 1131 2693 sex
1147 2631 1254 2697 uncias
1275 2655 1350 2699 rum
1371 2630 1493 2704 semill'e
1515 2633 1651 2731 liquoris

289 2717 312 2790 s
327 2725 414 2791 iritui
438 2717 508 2790 salis
532 2745 600 2791 non
619 2717 769 2789 absimilis
787 2723 919 2789 extraxit
939 2743 949 2789 ε
967 2745 1042 2789 nam
1066 2724 1098 2789 in
1122 2744 1235 2791 aurum
1270 2728 1337 2795 vim
1365 2724 1451 2799 suam
1473 2728 1649 2819 exerebat,

289 2747 333 2883 ll}
350 2814 498 2885 infundo
517 2811 595 2885 vasis
609 2810 748 2885 residuus
764 2811 918 2885 carbones
931 2813 1135 2888 accendebat.
1174 2821 1248 2889 Nec
1267 2821 1344 2891 dum
1366 2846 1469 2894 tamen
1496 2825 1529 2894 id
1553 2837 1649 2898 cerro

170 2917 173 2925 '
290 2910 457 2990 dijudicari
469 2913 574 3008 potuit
586 2935 626 2980 an
642 2909 824 3077 puruseffet
840 2905 992 3007 salpetrae.
1015 2912 1104 2982 Cum
1116 2935 1223 2986 autem
1236 2919 1283 2988 D.
1304 2920 1457 2990 Mariotte
1479 2924 1515 2990 iu
1531 2946 1650 3019 prunas

292 3002 474 3099 conjecillet
486 3003 809 3104 purumsaempetrae
831 3014 864 3076 δε
881 3005 1067 3102 praedistum
1087 3032 1125 3078 ex
1144 3007 1206 3080 sale
1226 3020 1392 3085 communi
1414 3022 1449 3088 &
1469 3040 1555 3111 aqua
1569 3017 1648 3088 forti

291 3101 529 3194 prodeuntem,
549 3124 687 3199 uterque
700 3097 859 3173 confimili
875 3100 977 3171 modo
989 3104 1034 3174 est
1049 3099 1194 3177 incensus
1207 3163 1217 3195 ,
1231 3133 1275 3179 eo
1294 3108 1424 3183 tantrlm
1447 3136 1522 3182 curn
1538 3113 1647 3186 distri·

292 3217 382 3266 mine
395 3196 485 3292 qubd
496 3199 651 3296 posterior
671 3201 826 3295 crepitare
844 3194 926 3270 uisus
939 3192 988 3273 sit.

229 3359 268 3372 a
339 3296 430 3363 v11.
471 3296 558 3366 Cum
583 3297 629 3365 D.
654 3293 827 3364 ssourdelin
843 3313 946 3390 partes
967 3293 1105 3391 aquales
1125 3291 1194 3367 hlis
1216 3305 1323 3372 tartari
1350 3308 1385 3374 δε
1407 3301 1472 3374 olei
1501 3307 1642 3395 vitrioli‚

290 3408 430 3482 quatuor
444 3394 598 3460 nimirum
614 3392 722 3459 uncias
740 3389 757 3460 ὲ
782 3385 910 3487 singulis
934 3389 998 3460 und
1018 3387 1209 3481 miscuisset,
1231 3418 1252 3479 7
1275 3396 1501 3470 drachmarum
1526 3405 1644 3498 ponde-

290 3485 421 3646 {⁰⁶²⁰
442 3482 504 3555 illae
526 3489 628 3555 unciae
641 3480 714 3555 sunt
731 3488 934 3572 imminuta,
961 3486 1122 3584 &liquor
1142 3489 1318 3564 admodum
1336 3489 1520 3567 debilitatus
1538 3494 1644 3597 super-

309 3601 367 3652 urr.
1666 3642 1673 3654 ·

345 3684 462 3750 VIII.
494 3680 757 3772 Experimenrum
772 3699 905 3775 quoque
918 3685 1002 3750 circa
1019 3679 1257 3758 dissolutionem
1277 3681 1346 3755 salis
1364 3691 1477 3757 marini
1504 3688 1525 3760 d
1547 3694 1592 3761 D.
1607 3697 1645 3765 du

293 3769 599 3842 Closolimfadlum
612 3778 763 3845 iteratum
787 3772 859 3846 fuir.
881 3779 950 3873 Qi
973 3772 1014 3847 sal
1042 3778 1186 3875 primdm
1203 3786 1390 3866 concrevit,
1408 3782 1520 3855 mimis
1546 3793 1647 3862 acidi.

294 3868 366 3972 tatis
386 3866 502 4027 halpere
529 3861 611 3937 visus
624 3868 669 3936 est
680 3869 783 3963 qulam
793 3873 819 3938 is
832 3874 889 3965 qui
901 3870 1009 3968 postea
1020 3871 1082 3946 fuit
1096 3875 1281 3974 coagulatus
1295 3931 1307 3963 ,
1325 3881 1446 3974 quique
1460 3878 1572 3956 oleum
1583 3909 1645 3958 tare

296 3979 355 4028 tarr
378 3983 427 4028 tur
453 3982 530 4031 aut.

308 4153 313 4165 ι
341 4058 401 4128 ΙΧ.
429 4055 516 4165 Cum
530 4078 613 4149 aqua
626 4056 773 4153 stipriea,
794 4084 865 4155 quae
877 4070 1132 4164 erumpentem&
1150 4069 1332 4141 vulneribus
1352 4066 1428 4145 sistit
1446 4070 1645 4171 huguinem,

192 4198 204 4220 .
292 4153 329 4219 irs
351 4149 548 4247 temporibus
564 4149 705 4223 multrlm
732 4155 987 4250 celebrarentur,
1021 4167 1066 4236 D.
1088 4166 1129 4236 du
1146 4167 1227 4238 Cios
1251 4167 1270 4236 ὲ
1297 4167 1430 4238 vitriolo
1447 4195 1520 4240 eam
1546 4179 1644 4270 parari

289 4247 458 4338 judicavit.
483 4250 580 4317 Hanc
596 4245 691 4318 inesse
711 4256 780 4322 virn
802 4255 927 4328 vitrioli
940 4257 1116 4354 phlegmati
1142 4261 1205 4332 leni
1221 4262 1331 4333 colore
1343 4264 1488 4337 extillato
1505 4267 1644 4351 censuit,

213 4394 216 4399 .
293 4341 497 4411 distillatione
518 4398 529 4428 ,
548 4363 646 4437 atque
668 4366 703 4415 ut
722 4347 900 4447 loquuntur
925 4353 1143 4430 cohobarione
1158 4363 1303 4456 repetita.
1336 4387 1366 4429 2.
1390 4363 1508 4431 Eadem
1532 4368 1646 4437 virture

291 4435 404 4506 donari
416 4435 526 4508 oleum
539 4438 683 4527 vitrioli,
704 4468 741 4514 ex
757 4471 824 4542 quo
837 4444 942 4545 saepius
961 4454 1030 4520 vini
1045 4449 1169 4548 spiritus
1182 4454 1226 4522 ell
1239 4450 1402 4528 distillatus
1415 4491 1427 4546 i
1440 4462 1486 4528 uri
1506 4465 1540 4531 dc
1555 4458 1647 4535 saleru

291 4531 414 4604 vitrioli
430 4531 612 4632 phlegmate
622 4530 680 4604 suo
692 4539 876 4612 idemtidem
891 4542 1053 4641 perfusum
1065 4547 1182 4622 aiebat.

321 4701 324 4716 ,
339 4632 382 4700 X·
420 4633 565 4727 Experiri
581 4631 724 4702 etiamid
737 4636 859 4730 placuit
871 4662 979 4708 utrum
991 4666 1105 4712 aurum
1118 4642 1292 4715 fulminans
1301 4645 1449 4718 deorsum
1463 4648 1571 4726 versus
1583 4661 1648 4730 vim

291 4717 381 4811 suam
398 4748 538 4800 exereret
552 4753 562 4799 z
574 4751 643 4800 rem
661 4730 706 4820 ita
725 4728 786 4804 erse
798 4724 897 4806 semel
912 4746 946 4810 δι
966 4741 1083 4810 iterum
1100 4738 1326 4840 comprobavit
1343 4750 1539 4844 experientia
1551 4778 1564 4826 t
1575 4776 1648 4829 nm
