3646 5430
292 357 345 437 rra
639 339 848 415 REGlAE
890 331 1362 408 SCIENTIARUM

159 441 225 513 Aa
236 467 272 517 u.
291 445 440 543 hepatico
453 441 640 515 instruam
652 461 730 511 erar.
758 433 883 534 Splenis
892 431 1003 502 eadem
1020 452 1100 525 pene
1113 424 1243 507 forma,
1258 451 1329 522 quar
1346 431 1428 499 renis
1443 428 1477 497 in
1492 425 1655 528 plerisque

157 553 250 632 1674.
290 538 491 614 animalibus.
502 533 615 610 Vesica
627 557 694 606 erat
708 528 938 630 magnitudinis
952 533 986 600 δι
999 522 1107 620 figure
1119 518 1244 622 prorsus
1256 521 1407 612 insolita,
1422 548 1455 597 tr
1465 532 1499 599 dt
1511 549 1567 597 arn
1591 527 1653 603 lior

290 641 388 710 urina
401 637 459 706 lim
483 635 540 704 idae
551 629 646 702 libras
659 624 865 712 continebat,
877 628 912 693 in
925 619 1062 720 longum
1075 622 1223 718 porredla
1238 619 1333 689 instar
1351 620 1510 707 intestini,
1526 553 1654 697 collum

288 739 323 804 in
338 731 447 801 medio
460 662 553 802 lrum
566 750 633 797 non
646 730 680 797 in
692 725 795 796 altero
807 717 889 790 illius
907 739 1061 788 extremo·
1098 719 1244 787 Exterior
1262 716 1371 785 tunica
1391 714 1619 790 membranosa
1639 774 1653 808 ,

287 829 422 900 interior
438 822 534 897 crassa
551 823 724 892 innumeris
738 814 826 888 fibris
838 819 920 886 inter
936 807 1145 884 sedecuffatis
1159 869 1170 899 ‚
1185 819 1219 882 δι
1235 832 1351 880 mutuo
1364 814 1491 883 intextis
1508 819 1652 904 munita,

287 919 357 994 fere
369 941 405 991 ut
417 925 450 993 in
460 916 607 992 auriculis
619 915 736 991 cordis.
768 918 886 985 Earum
900 913 1021 1006 quippe
1032 903 1103 978 usur
1117 907 1241 978 viderur
1252 900 1449 995 consimilis,
1466 931 1503 981 ut
1516 915 1653 1008 capaci·

289 1039 391 1098 tatem
405 1013 517 1090 vesica
537 1010 760 1083 contrahentes
778 1026 966 1078 contentam
988 1006 1116 1072 urinam
1130 1005 1322 1102 exprimant.
1346 1000 1435 1071 Cum
1450 1008 1540 1076 enim
1566 1003 1654 1078 infe.

291 1117 385 1184 rioris
403 1114 523 1182 ventris
538 1106 637 1178 desint
651 1100 805 1190 musculi,
824 1105 881 1198 qui
895 1096 1031 1171 vesicam
1045 1121 1190 1197 premant
1200 1097 1223 1193 f,
1247 1101 1280 1167 in
1294 1093 1392 1195 seipsa
1415 1121 1491 1171 eam
1507 1105 1579 1173 vim
1595 1100 1653 1174 ha.

292 1206 369 1279 bere
387 1204 496 1277 debuit
510 1228 575 1302 qua
587 1198 618 1273 se
632 1223 805 1274 exonerare
822 1193 936 1296 posset.

347 1308 401 1373 11.
426 1303 545 1374 Cordis
561 1297 669 1370 forma
684 1297 755 1370 aliis
772 1316 853 1394 pene
868 1289 1019 1363 omnibus
1038 1289 1134 1388 plane
1156 1286 1321 1363 dissimilis·
1363 1295 1454 1366 Nam
1473 1302 1583 1388 major
1603 1295 1651 1366 de

296 1394 417 1473 mensio
436 1419 504 1467 erar
520 1402 554 1467 in
579 1393 680 1467 latum
702 1429 712 1483 3
737 1387 816 1462 basts
835 1410 898 1459 tres
910 1389 1029 1483 digitos
1046 1384 1197 1481 patebat,
1218 1389 1239 1457 ὲ
1260 1412 1416 1458 mucrone
1428 1384 1481 1459 ses
1498 1394 1531 1463 ui
1548 1391 1652 1492 digito

296 1517 423 1568 tautum
440 1489 584 1562 distabat.
616 1489 731 1560 Ambae
749 1479 897 1557 auricula
915 1507 953 1554 ex
969 1479 1033 1553 basi
1045 1480 1175 1554 exibant
1191 1481 1279 1577 quast
1299 1414 1544 1580 pendul23duo
1567 1511 1653 1559 cavae

297 1593 403 1660 trunci
416 1587 458 1659 ab
472 1584 513 1658 he
535 1608 588 1656 are
601 1585 794 1683 prodeuntes
809 1586 843 1652 in
856 1601 1028 1675 utramque
1045 1575 1221 1649 auriculam
1233 1576 1285 1650 san
1310 1583 1418 1652 uinern
1428 1578 1652 1655 devehebant:

297 1682 385 1755 bunc
408 1613 555 1756 auricula
582 1685 617 1752 in
637 1677 728 1751 suum
756 1698 893 1775 quaque
911 1671 1119 1747 effindebant
1138 1604 1353 1746 ventricosum
1380 1731 1392 1762 ,
1415 1684 1449 1748 dc
1477 1681 1588 1753 unicui
1615 1701 1653 1749 ue

299 1780 382 1851 ollio
401 1803 464 1853 tres
483 1800 575 1850 erant
590 1773 724 1849 valvulae
740 1770 931 1873 figmoides,
950 1794 1020 1867 qua
1035 1768 1203 1842 obstabant
1224 1795 1265 1842 ne
1286 1767 1411 1871 sanguis
1431 1774 1472 1844 ad
1494 1704 1653 1846 aurirdar

298 1898 467 1949 remearet.
1274 1918 1278 1925 ·

346 1978 406 2046 111.
433 1967 553 2066 Aspera
564 1969 677 2038 arteria
688 1969 723 2036 in
743 1965 850 2063 primo
865 1961 1058 2061 pulmonum
1071 1963 1209 2061 ingressu
1222 1989 1289 2036 non
1299 1964 1394 2036 tubos
1408 1962 1653 2064 cartilagiueos,'

297 2065 350 2140 sed
362 2058 601 2140 membranosos
613 2058 792 2158 spargebat.
817 2064 864 2129 Hi
881 2058 1159 2132 dustustenues&
1184 2058 1333 2156 pellucidi
1359 2055 1551 2159 quibusdem
1572 2061 1652 2160 liga-

299 2169 416 2235 mentis
434 2165 469 2232 in
488 2157 629 2230 formam
645 2161 719 2226 retis
735 2159 892 2226 contextis
903 2151 1088 2229 firmitatem
1102 2158 1188 2226 nasli
1212 2154 1300 2253 quasi
1323 2154 1457 2229 annulos
1475 2177 1532 2228 aut
1543 2155 1653 2231 fibulae

296 2253 480 2329 efficiebant
494 2277 554 2341 ,ex
567 2250 684 2348 quibus
697 2254 730 2324 in
741 2247 883 2321 sacculos
894 2305 906 2338 ,
917 2258 951 2323 δι
964 2275 1002 2321 ex
1020 2254 1057 2322 iis
1069 2254 1103 2322 in
1119 2249 1199 2324 alios
1214 2251 1343 2349 patebat
1352 2254 1467 2325 aditus.

344 2359 414 2428 lv.
456 2351 544 2421 Cum
560 2351 594 2417 in
605 2345 738 2418 homine
751 2355 785 2419 dt
802 2349 836 2414 in
860 2349 991 2418 terrenis
1010 2346 1224 2419 animantibus
1238 2348 1409 2444 pulmones
1427 2345 1552 2420 carnosi
1579 2375 1651 2423 om·

298 2452 379 2519 nino
394 2447 559 2518 videantur
582 2497 593 2529 ,
612 2444 646 2510 in
669 2442 853 2529 testudine,
881 2447 992 2527 tanis,
1020 2441 1218 2543 serpentibus
1236 2452 1300 2516 &n
1319 2444 1415 2514 iidem
1435 2438 1508 2514 sunt
1527 2451 1650 2545 penitus

298 2536 512 2614 membranost
525 2597 536 2627 ,
550 2533 711 2609 inavibus
735 2539 853 2635 partim
877 2537 1024 2623 carnosi,
1048 2544 1164 2636 partim
1185 2535 1394 2610 membranosr
1422 2536 1520 2610 :hoc
1544 2539 1650 2613 discri-

297 2642 393 2712 minis
408 2662 475 2709 non
488 2659 529 2706 ex
544 2632 736 2733 pulmonum
749 2631 896 2719 fabrica,
914 2630 965 2705 sed
978 2659 1016 2704 ex
1029 2639 1142 2728 majori
1157 2658 1213 2705 aur
1235 2638 1353 2704 minori
1374 2637 1468 2732 copia
1492 2632 1647 2737 sanguinis

297 2743 331 2807 δι
344 2731 492 2804 vasorum
506 2728 712 2828 repetendum
728 2729 864 2800 uidetur.
896 2735 987 2803 Nam
999 2733 1033 2798 in
1048 2727 1196 2799 omnibus
1213 2754 1251 2799 ex
1267 2735 1416 2826 congerie
1426 2727 1647 2820 veficularum,

298 2853 436 2924 quarum
458 2828 624 2896 interstitia
640 2823 764 2923 replent
778 2818 850 2892 vasa
870 2821 1069 2923 sanguinea,
1116 2823 1263 2895 ulmones
1286 2823 1474 2896 conflantur·
1505 2825 1589 2901 Vasa
1614 2834 1648 2899 r'rr

297 2924 432 2994 homine
446 2930 479 2994 δι
492 2919 592 2992 brutis
609 2942 678 2990 tam
691 2915 822 3017 copiosa
835 2928 870 2993 δι
886 2924 968 2991 inter
982 2916 1012 2988 se
1025 2849 1169 2990 conserta
1182 2924 1284 2989 carnis
1297 2917 1436 3014 speciem
1450 2921 1604 3086 prebent,
1618 2931 1650 2994 δι

297 3015 387 3113 quast
399 3024 540 3089 minores
551 3012 643 3088 lobor
657 3013 891 3087 bronchiorum
902 3013 1020 3089 tubulis
1031 3039 1172 3088 annexos
1183 3012 1388 3089 exhibentbx
1402 3021 1439 3087 iis
1463 3015 1570 3090 obulis
1581 3044 1650 3091 ma·

299 3122 381 3206 jorcs
395 3114 589 3214 pulmonum
606 3109 674 3183 lobi
685 3105 880 3186 coalescunt.
1494 3132 1498 3139 “

345 3216 390 3282 V.
414 3214 503 3282 Hinc
517 3232 625 3281 morus
643 3207 835 3306 pulmonum
853 3214 888 3279 in
901 3212 1031 3278 terrenis
1042 3204 1255 3277 animantibus
1278 3262 1290 3294 ,
1312 3214 1346 3278 δι
1370 3211 1404 3278 in
1435 3205 1548 3283 avibus
1570 3226 1651 3284 cou-⁸

299 3307 406 3376 tinuus
418 3307 462 3375 est
477 3329 544 3375 non
559 3310 765 3400 interruptus.
800 3309 840 3374 In
858 3303 1033 3387 testudine,
1056 3307 1163 3387 ranis,
1184 3301 1394 3374 Camcleontc
1411 3312 1477 3380 dre.
1500 3312 1602 3378 rarior
1617 3316 1648 3380 ut

297 3401 472 3497 inaequalis·
500 3402 627 3501 Apetto
648 3397 781 3469 thorace
799 3401 833 3470 in
852 3420 931 3471 cane
948 3403 1049 3485 vivo,
1078 3404 1112 3470 dc
1136 3398 1241 3469 sterno
1256 3395 1399 3487 sublato,
1418 3399 1525 3471 statim
1538 3401 1649 3500 pulmo

299 3498 466 3581 concidit,
484 3506 517 3569 dr
534 3493 703 3568 circulatio
718 3490 878 3593 sanguinis
893 3489 983 3564 brevi
997 3491 1090 3565 cellar
1113 3547 1124 3580 ,
1149 3494 1288 3564 distentis
1312 3495 1418 3564 cordis
1445 3517 1517 3566 tum
1542 3499 1650 3569 dextro

298 3592 499 3671 ventriculo,
517 3615 587 3665 rum
611 3587 755 3661 auricula
781 3597 848 3682 ejus
866 3599 900 3663 dc
920 3613 1000 3660 vena
1018 3613 1095 3660 cava
1117 3644 1128 3675 ,
1152 3592 1197 3659 ita
1220 3611 1256 3658 ut
1276 3613 1357 3688 pene
1381 3588 1617 3687 disrumpantur
1639 3628 1649 3684 3

299 3712 440 3782 cumque
464 3688 596 3759 animali
609 3690 711 3757 vitam
728 3688 903 3782 producere
918 3682 996 3755 libet
1009 3741 1020 3771 ,
1033 3685 1149 3783 aptatis
1169 3682 1284 3783 asperae
1296 3692 1415 3756 arteria
1441 3684 1577 3758 follibus
1600 3692 1650 3760 adt

296 3780 452 3854 immissus
465 3783 654 3881 pulmonem
668 3777 777 3868 inflat,
793 3805 864 3853 rum
873 3778 1085 3851 detumescere
1097 3777 1207 3851 finitur
1220 3835 1231 3866 ,
1243 3803 1342 3876 atque
1353 3805 1390 3851 ea
1404 3786 1529 3852 ratione
1544 3807 1650 3855 motus

295 3873 487 3969 pulmonum
506 3887 539 3948 dt
555 3876 659 3945 cordis
677 3881 909 3961 continuatur,
934 3874 1130 3946 ventriculus
1148 3877 1252 3945 cordis
1275 3878 1383 3947 dexter
1401 3885 1435 3950 dt
1466 3902 1550 3949 vena
1575 3903 1651 3950 cava

294 3967 525 4045 detumescunt.
551 3973 676 4044 Contra
691 3970 725 4036 in
739 3969 892 4041 testudine
908 3993 1034 4066 apertus
1075 3969 1167 4042 ulmo
1188 3965 1241 4043 [ιιι
1262 3972 1390 4044 inflatus
1412 3995 1541 4046 mancat
1564 4029 1575 4063 ,
1599 3972 1649 4046 stu

297 4067 466 4151 concidat,
485 4090 593 4137 motus
606 4063 734 4151 cordis,
747 4066 845 4161 idque
859 4067 1018 4163 quatridui
1048 4071 1138 4163 patio
1150 4065 1263 4137 durare
1281 4067 1363 4138 visus
1376 4070 1430 4142 est.

353 4170 411 4235 Vl.
440 4162 524 4232 Illud
542 4161 701 4232 interdum
723 4156 787 4232 fuit
801 4156 1006 4234 observatum
1020 4162 1187 4233 testudines
1199 4166 1233 4232 in
1244 4188 1364 4259 aquam
1377 4166 1540 4258 conjrstas
1548 4163 1650 4236 statim

296 4282 352 4328 orc
368 4268 402 4331 δι
419 4258 546 4328 naribus
558 4254 714 4352 ampullas
727 4257 908 4356 complores
921 4263 1090 4341 emittere,
1105 4256 1193 4351 quod
1210 4263 1343 4328 nimiam
1352 4265 1430 4332 a'e'ris
1443 4261 1650 4356 pulmonibus

295 4354 435 4424 conclusi
446 4359 572 4452 copiam
585 4356 713 4446 ejiciant
724 4412 734 4439 ,
746 4359 825 4425 utin
836 4356 918 4448 justo
929 4379 954 4429 ae
981 4351 1109 4424 uilibrio
1121 4350 1238 4448 possint
1252 4352 1439 4441 confistere,
1455 4364 1489 4426 &
1505 4360 1648 4426 inimum

295 4474 387 4545 aqua
402 4509 412 4536 ,
426 4448 483 4520 fio
507 4470 542 4520 us
551 4448 659 4536 suerit,
668 4452 814 4547 deprimi.
842 4448 911 4524 Ubi
948 4380 1094 4519 tllmones
1110 4447 1275 4543 paululum
1290 4457 1563 4547 comprimuntur,
1579 4472 1648 4522 tum

294 4546 432 4620 dilataris
445 4478 639 4645 pulmonum
656 4542 822 4632 musculis,
837 4571 912 4617 cum
925 4476 1071 4619 libuerit,
1092 4538 1213 4613 sursum
1236 4570 1418 4643 emergunt.
1447 4549 1532 4617 Non
1557 4544 1648 4617 aliter

294 4643 549 4740 arqueampullae
562 4649 668 4714 vitrea
680 4639 721 4709 ad
732 4645 834 4713 imum
854 4640 930 4712 vasis
940 4637 1130 4713 descendunt
1145 4636 1201 4709 ubi
1216 4643 1247 4710 di
1276 4646 1320 4711 'ro
1332 4666 1386 4713 aur
1398 4639 1648 4815 statumen&

295 4731 418 4813 stimma
431 4745 608 4844 premitur:
623 4758 693 4812 tutu
717 4741 805 4818 euim
819 4763 904 4844 aqua
923 4739 994 4843 plus
1009 4735 1081 4845 satis
1100 4760 1256 4844 compreb-
1290 4737 1374 4842 subit
1394 4763 1472 4843 amp
1593 4756 1647 4839 per
