3646 5430
372 352 723 433 'ACADEMIAE
770 350 1110 432 HISTORIA.
1144 357 1285 436 [nav.
1465 372 1538 457 a8p

167 456 254 534 eulae
269 453 336 526 una
352 463 442 526 coire
457 455 595 548 possint,
614 462 649 525 dr
670 452 806 526 visibiles
832 450 914 526 fieri.
955 456 1083 527 Deinde
1102 452 1125 525 fi
1154 455 1229 527 huic
1251 454 1404 530 solutioni
1430 459 1533 535 rubeae
1547 467 1637 565 crya

168 553 207 628 sc
233 552 297 651 pho
322 544 479 623 conclusae
499 576 620 623 noram
643 542 790 622 affirndas
814 574 934 646 aquam
950 551 1114 648 regalem,
1138 577 1216 625 tunc
1233 553 1377 624 colorem
1401 582 1535 631 omnem
1547 569 1640 638 mica.

136 696 152 702 «
171 582 311 721 rubeum
331 652 419 718 exuit
432 643 446 716 ζ’
461 666 532 716 turn
543 649 629 716 enim
648 645 773 715 abunde
788 647 833 715 est
846 667 937 740 aqua
959 646 1092 742 regalis,
1107 669 1178 743 quae
1196 649 1342 719 stannum
1360 649 1477 742 satiet,
1500 663 1535 728 δι

171 768 291 817 aurum
315 748 432 813 iterum
456 739 617 813 εΙὶίΓοΙιιιῐ.ι
640 743 708 810 Scri
733 762 837 811 turam
857 747 926 811 auri
947 764 1139 839 purpuream
1152 742 1271 814 delebis
1284 800 1294 830 ,
1308 743 1329 815 sr
1344 749 1428 844 aqud
1437 750 1543 848 regali

172 865 254 913 eam
269 836 439 937 perfundas
458 872 468 926 3
484 836 550 906 lraec
567 841 681 905 iterum
699 767 800 907 (ldae
809 841 844 906 in
861 833 1082 934 consptstum,
1098 836 1153 908 ubi
1172 838 1272 908 stanni
1293 837 1409 912 solutio
1424 845 1537 939 adiici·

173 959 231 1011 tur
256 969 266 1023 ;
291 934 342 1005 sed
364 935 474 1006 chartd
488 936 573 1031 ptius
593 931 637 1001 est
656 928 867 1022 exsrecanda,
887 936 990 1030 quam
1017 929 1166 1006 madefiat
1185 956 1281 1007 novae
1307 958 1399 1035 aquae
1428 940 1547 1042 regalia

175 1033 356 1105 additione.

230 1133 304 1200 lv.
342 1129 421 1197 Hoc
441 1147 665 1221 argumentum
683 1124 736 1195 die
755 1149 787 1214 7.
812 1128 898 1196 Maii
921 1130 1122 1200 continuavit
1145 1129 1191 1199 D.
1216 1126 1392 1227 Homberg
1413 1187 1423 1219 ,
1443 1152 1541 1227 atque

177 1224 245 1299 lroc
260 1229 430 1293 atramenti
444 1245 544 1318 genus
558 1223 668 1291 docuit
690 1244 727 1291 ex
745 1221 864 1292 eodem
879 1222 1025 1294 minttali
1049 1247 1105 1320 pet
1120 1224 1187 1291 duo
1213 1226 1370 1298 menstrua
1392 1224 1547 1296 dissoluto·

178 1318 310 1404 confici,
327 1340 397 1410 quar
410 1314 478 1388 duae
497 1314 668 1386 solutiones
677 1317 741 1386 und
759 1313 897 1387 confusae
918 1314 1099 1414 nigrescunt
1116 1343 1155 1388 ac
1178 1314 1241 1389 sese
1262 1343 1377 1392 mutuo
1401 1325 1546 1420 pracipi«

178 1439 261 1490 tant.
288 1419 394 1508 Huius
412 1418 580 1483 atramenti
598 1416 729 1485 materia
744 1409 879 1484 dscoriit
891 1412 992 1510 reguli
1004 1417 1242 1501 antimonii,&
1254 1439 1292 1485 ex
1305 1420 1391 1488 vitro
1403 1413 1549 1511 ejusdem

180 1509 342 1586 mineralis
364 1512 579 1603 componitur.
621 1506 802 1579 Proceilum
822 1511 1028 1597 omittimus,
1047 1533 1088 1580 ne
1109 1513 1143 1578 in
1169 1507 1216 1578 his
1234 1509 1396 1608 longiores
1421 1511 1517 1583 simus
1530 1559 1548 1600 ,-

182 1629 371 1706 quanquam
381 1608 462 1673 inter
477 1599 622 1672 luciferas
637 1602 873 1674 observationes
883 1626 919 1674 ut
933 1603 1078 1702 loquitur
1099 1602 1224 1702 Angliae
1238 1606 1468 1698 cancellarius,
1479 1607 1545 1677 hoo

180 1707 437 1802 experimentum
458 1702 573 1768 merito
588 1694 697 1769 referri
717 1698 834 1794 potest.-

238 1806 282 1870 V.
311 1799 374 1865 Die
396 1821 422 1866 ιι
436 1797 527 1892 Junii
540 1795 578 1861 de
593 1797 767 1865 atramenti
782 1798 904 1891 Magici
924 1795 1130 1868 confrdlione
1150 1797 1168 1866 ἓ
1191 1795 1420 1895 vegetabilibus
1439 1799 1548 1898 paratd

183 1891 349 1965 disseruit:
368 1916 437 1988 quae
457 1892 475 1962 ὲ
490 1884 566 1958 rosis
579 1886 748 1985 pallidis&
763 1890 941 1963 recentibus
956 1893 1088 1983 prodit,
1112 1892 1192 1964 mihi
1217 1918 1283 1963 non
1301 1895 1427 1966 videtur
1447 1900 1549 1966 omit·

181 1989 306 2077 tenda;
330 1983 469 2057 contusis
488 1982 564 2054 rosit
580 1986 646 2052 vini
657 1978 784 2080 spiritds
798 1983 894 2058 valde*
909 1985 1074 2058 testificati
1086 2012 1212 2060 tanturn
1231 1984 1427 2078 affunditur,
1445 2015 1552 2087 quan-

183 2107 256 2159 tum
272 2078 345 2153 satis
360 2083 405 2153 est
419 2104 454 2152 ut
469 2086 503 2151 in
518 2081 614 2177 pultis
628 2078 755 2244 lirpuidae
769 2082 904 2153 modum
922 2079 1102 2154 madescant
1131 2118 1141 2174 3
1164 2079 1220 2156 soli
1236 2107 1439 2185 exponuntur
1462 2088 1551 2183 dige⁴

183 2180 289 2252 tenda
304 2235 315 2265 ,
331 2177 435 2248 donec
451 2180 541 2247 omni
556 2171 664 2245 firoco
678 2198 733 2244 ore
748 2198 847 2245 exutae
862 2179 959 2249 instar
978 2176 1094 2249 clrartae
1112 2180 1252 2250 candidat
1266 2204 1438 2279 appareant
1461 2218 1471 2272 3
1496 2205 1552 2275 per

183 2275 323 2349 linteum
337 2270 493 2371 exprellus
511 2271 620 2365 liquor
637 2268 742 2366 phialai
756 2266 837 2340 bene
857 2274 987 2344 occlusd
1002 2271 1155 2348 servetur.
1182 2280 1347 2375 Scriptura
1360 2299 1401 2344 eo
1423 2279 1552 2374 liquore

184 2393 314 2443 exarata
329 2394 396 2439 non
418 2369 565 2437 videtur:
587 2369 655 2460 quo
678 2388 786 2436 autern
805 2390 979 2464 appareat,
999 2390 1094 2439 aceto
1116 2370 1265 2443 distillato
1291 2394 1345 2441 aut
1365 2367 1475 2467 spiriru
1499 2378 1551 2440 via

183 2463 464 2633 ttiolisdpbilitam
483 2482 538 2562 per
551 2485 638 2558 aque
650 2464 832 2531 communis
849 2462 1097 2557 adjectionem,
1114 2464 1225 2538 littero
1249 2465 1395 2537 colorem
1424 2468 1552 2540 roseum

212 2586 254 2633 rar
284 2588 301 2633 e
330 2582 435 2631 erunt.
746 2586 750 2596 ι

185 2589 211 2662 P
239 2662 329 2730 Hinc
345 2654 473 2753 colligit
485 2678 526 2725 en
538 2675 627 2751 parte
648 2646 790 2725 rosarum
803 2646 936 2724 resinosa
951 2652 1094 2726 colorem
1106 2655 1206 2728 illum·
1213 2656 1348 2730 rubeum
1360 2663 1390 2732 in
1402 2659 1450 2730 his
1463 2657 1553 2730 flori*

182 2751 250 2828 but
267 2757 346 2824 oriri
362 2776 424 2823 aea
439 2754 560 2849 quippe
573 2756 605 2819 in
619 2748 729 2847 spiritu
749 2753 815 2819 vini
829 2747 1058 2836 diffolvitur,ac
1075 2754 1243 2849 particulae
1254 2753 1394 2826 resinosa
1411 2753 1471 2826 sese
1487 2761 1554 2825 im-

184 2848 330 2922 mediare
352 2868 520 2943 tangentes
538 2851 570 2916 in
595 2843 670 2916 rosis
691 2844 794 2916 rubris
813 2843 920 2913 lumen
942 2843 1008 2914 alio
1028 2851 1127 2918 modo
1154 2873 1331 2945 regerunt,
1360 2858 1462 2948 quim
1489 2846 1551 2919 disi

184 2940 286 3045 persa
298 2949 331 3014 in
343 2942 539 3012 dillolvente.
567 2942 655 3013 Cum
670 2962 778 3011 autem
795 2940 906 3011 eadem
924 2945 1054 3011 materia
1068 2995 1085 3028 ,,
1097 2967 1168 3038 quae
1187 2952 1220 3016 in
1241 2943 1343 3018 rubris
1357 2945 1432 3019 rofis
1446 2971 1562 3018 occur·

185 3062 240 3113 rat
249 3097 261 3129 ,
274 3033 442 3111 verifimile
456 3037 499 3106 est
516 3036 598 3108 hanc
617 3033 693 3105 ross
712 3034 814 3106 rubris
827 3033 1007 3107 consertam
1029 3043 1149 3135 magis,
1169 3049 1202 3113 &
1216 3045 1331 3133 majori
1353 3037 1556 3140 cupidinell't

187 3137 294 3234 quam
317 3133 478 3219 candidis,
494 3131 548 3203 ubi
567 3129 663 3203 divisa
680 3131 862 3229 magisell,
880 3137 915 3203 de
941 3129 1055 3228 sparsa.
1094 3139 1194 3231 Quod
1220 3159 1328 3208 autem
1353 3165 1394 3211 ea
1421 3144 1563 3210 materia

137 3245 141 3250 ’
186 3227 268 3304 tofis
285 3227 366 3302 albis
382 3225 476 3314 insit,
496 3227 573 3300 hinc
586 3229 772 3325 colligitur,
812 3223 878 3298 ubrl
900 3229 979 3298 rosae-
989 3230 1129 3300 candidae
1147 3227 1268 3328 spiritui
1283 3238 1352 3306 nini
1367 3231 1475 3305 infusae
1489 3239 1558 3303 acie

186 3329 224 3398 ali
238 3323 390 3423 cujusque
403 3323 592 3395 admistione
604 3327 697 3420 aqud
717 3253 906 3411 rubescant,
923 3347 962 3393 ac
980 3322 1095 3397 rubeat.
1144 3325 1268 3399 Diverfi
1286 3327 1318 3396 hi
1333 3331 1457 3399 colores
1471 3327 1561 3399 rubei

188 3427 226 3494 in
247 3421 322 3493 rosis
334 3445 401 3490 non
416 3418 500 3489 aliud
540 3421 667 3491 uiddam
681 3419 828 3488 videntur
844 3419 906 3488 elle
919 3440 1031 3514 practer
1044 3426 1148 3491 variat
1167 3421 1284 3492 eoloris
1298 3429 1446 3520 purpurei
1463 3448 1559 3502 comi,-

190 3514 358 3602 rnillutas,
372 3536 436 3585 aut.
451 3445 620 3601 transitus,
650 3539 694 3588 v..
705 3532 847 3578 nuances·
859 3563 879 3591 ,ψ
893 3512 991 3606 hique
1010 3512 1176 3586 aridorum
1197 3516 1321 3589 accello
1343 3519 1564 3589 accenduntur·

189 3617 309 3710 magis,
323 3634 360 3682 ut
372 3615 406 3680 in
423 3615 515 3681 omni
532 3607 642 3681 colore
660 3630 834 3707 purpureo,¹
849 3602 902 3678 seu
915 3608 1062 3679 violaceo
1075 3616 1205 3686 evenitr

240 3714 310 3783 Vl.
336 3705 390 3778 Ab
411 3729 586 3802 eogenere
606 3707 776 3807 anamgnti
792 3703 880 3802 quod
893 3702 1029 3802 liquoris
1047 3705 1176 3778 alterius
1188 3706 1311 3780 access'u
1331 3706 1362 3782 se
1386 3711 1569 3783 videndum

217 3802 314 3876 taebtt
325 3799 448 3876 transit
466 3806 511 3875 D.
527 3798 704 3899 H‘omberg
719 3800 843 3871 adalia
876 3825 969 3873 entra
980 3825 1070 3896 ,que
1085 3808 1265 3876 cumanted
1277 3805 1568 3878 oculorumaciem

191 3830 348 3999 sugerent·
362 3955 373 3986 ,
386 3902 451 3968 a'c'ri
472 3923 509 3969 ex
534 3891 612 3968 ofin
635 3952 653 3982 ,-
671 3895 721 3967 vel
742 3900 809 3993 igni
828 3824 961 3968 admota
979 3890 1168 3997 scripturam
1188 3901 1377 3977 ostendunt,
1416 3907 1570 3975 Primum

219 3996 328 4068 uidem
341 3925 600 4066 aurumexlblvit
612 3998 647 4064 in
661 3992 877 4087 regali-aqud,
901 4013 1059 4088 quantum
1071 4017 1109 4064 ea
1127 3995 1229 4092 potest
1245 3993 1414 4069 dissolvere
1434 4055 1443 4085 ,
1468 4016 1571 4094 aquae'

191 4019 355 4170 duviatilis
367 4111 492 4161 tantum
510 4087 623 4174 addit,
638 4089 715 4158 dum
727 4088 866 4158 maculas
880 4086 979 4158 flavas
995 4086 1113 4160 chartae
1130 4116 1198 4161 non
1219 4097 1328 4165 inurat
1347 4128 1357 4182 3
1385 4091 1453 4164 haec
1479 4091 1572 4163 beno·

191 4189 287 4264 mista
301 4183 414 4287 phialae
428 4187 487 4257 rite
500 4183 656 4256 obturata
665 4186 825 4282 imponit,
839 4186 908 4280 Qri
925 4181 989 4254 hoc
1003 4179 1131 4279 liquore
1143 4191 1261 4258 exarati
1271 4181 1342 4261 sunt
1352 4189 1572 4273 charadrtrtr,

192 4309 264 4361 non
275 4302 435 4383 apparent·
445 4278 509 4352 nist
537 4280 584 4350 ost
598 4281 686 4352 horat
696 4282 833 4377 spatium
849 4278 1093 4352 diurnolumini
1105 4281 1225 4355 fuerint
1241 4282 1399 4384 expositi,
1424 4304 1572 4378 tumque·

194 4307 1561 4547 ”fililallili¹¹³⁰2²l0⁰5¹iil3ll⁰li{fidili‘¹¹²“²llll?

196 4495 611 4735 {Zurlrmpnannli
1153 4500 1397 4548 ΟΜ
1428 4500 1485 4573 ‚r
1527 4501 1561 4546 ³

256 4668 295 4734 Et
307 4668 361 4760 qui
384 4688 437 4736 em
450 4665 517 4734 auti
530 4660 622 4733 color
636 4657 773 4737 diffoluti
789 4667 823 4736 in
838 4669 956 4762 quovit
973 4667 1068 4740 acidi>
1082 4667 1221 4741 inmun
1237 4691 1372 4755 manet,
1386 4677 1421 4743 ot
1444 4665 1575 4748 suune>

196 4754 420 4866 &asemper
431 4779 553 4835 ruanet.
582 4759 647 4834 Sed
658 4760 833 4862 postquam
857 4783 975 4837 aurum
996 4758 1225 4840 a-diffolttnte
1249 4759 1308 4837 suo
1332 4761 1470 4842 liberum
1489 4766 1570 4844 fres

1295 4864 1407 4970 Qu.
