3646 5430
320 333 647 416 hennum
704 341 1041 424 HISTORIA.
1080 349 1203 430 Lini.
1373 382 1422 445 77

57 436 168 512 chrtsti
182 436 336 509 admistio
352 435 538 537 sauguinem
558 432 746 513 arreriosum
766 464 834 514 oon
850 446 930 516 item
945 446 1102 522 venosurn
1122 449 1305 551 coagulavit
1327 510 1340 545 ,
1366 453 1419 530 sed
1435 443 1554 546 ciffi-2

58 533 219 634 linguinis
233 532 327 605 color
339 538 426 606 idem
444 532 518 609 suit.
1049 596 1052 600 ι
1433 564 1485 617 ca,
1528 542 1535 552 '

100 638 164 705 xi.
201 630 415 729 Qidamalii
432 626 508 702 sales
521 632 666 704 colorem
687 632 844 732 sanguinis
858 630 1085 713 conservarunt
1110 697 1121 729 ,
1145 666 1182 716 nr
1205 652 1328 720 nitrum
1353 671 1419 724 una

57 752 129 800 urm
146 729 263 828 spiritu
288 722 473 825 sulphuris,
498 722 575 799 sald
596 728 769 802 tamariscis
788 733 945 802 extradius
967 736 1125 808 viridiore
1143 743 1256 814 colore
1280 768 1421 820 cuncte*
1467 743 1472 751 ’

57 847 122 895 tum
142 823 336 923 sanguinem
351 824 510 911 donavit,
531 820 574 894 sal
591 827 608 895 ὲ
628 821 726 939 scapis
753 833 787 898 δι
808 822 929 922 filiquis
956 825 1105 903 fabarum
1127 835 1262 909 edusius
1292 838 1419 916 nullam

56 920 317 1019 coagulationem
329 917 433 1006 fecit,
455 916 507 988 sed
524 919 615 991 color
627 919 923 993 nativusinvenoso
935 920 1085 1021 sanguine
1100 936 1246 1029 vegetior
1259 935 1361 1030 quim
1383 941 1419 1010 in

58 1013 213 1088 arrerioso
223 1012 306 1086 visus
318 1017 375 1087 cii·
403 1016 493 1087 Idem
509 1015 577 1088 ferd
598 1022 632 1088 in
649 1039 750 1087 erum
770 1014 831 1088 sale
844 1024 952 1090 evenit
964 1024 1021 1116 qui
1033 1016 1218 1120 sanguinem
1235 1028 1372 1127 pulchro
1383 1039 1422 1105 dc

57 1111 154 1184 nnio
181 1110 294 1182 colore
310 1109 429 1183 imbuit
449 1168 461 1199 ,
479 1116 527 1183 uri
550 1119 582 1183 δι
597 1108 641 1183 sal
661 1110 824 1184 artemisia
849 1139 858 1183 ι
878 1109 931 1183 sed
955 1113 997 1186 sal
1020 1113 1095 1189 buxi
1113 1119 1246 1194 rubrum
1270 1123 1419 1201 colorem

56 1201 211 1305 sanguini
232 1205 312 1280 dedit
336 1203 430 1278 fimul
445 1215 480 1280 dr
501 1206 662 1285 sororem,
669 1242 679 1296 3
697 1206 739 1280 sal
761 1204 922 1307 absynthii
945 1216 1076 1302 majoris
1094 1215 1173 1286 nihil
1189 1217 1259 1290 ferd
1276 1220 1316 1291 de
1342 1218 1418 1295 san-

101 1308 172 1374 ‘nis
188 1301 293 1374 colore
308 1311 344 1375 dc
369 1300 572 1374 confistentia
593 1309 742 1378 mutavit.
763 1304 878 1375 Salvia
906 1304 949 1377 sal
969 1311 1048 1378 citra
1070 1318 1311 1387 concretionem
1333 1323 1418 1390 ruti-

57 1326 134 1470 ldnm
147 1393 300 1566 figuinis
319 1399 466 1470 colorem
487 1403 653 1497 promovit
676 1435 686 1488 3
733 1398 877 1470 aulolum
899 1401 1023 1473 densior
1042 1429 1081 1476 ex
1094 1404 1157 1477 sale
1180 1409 1234 1508 pul
1278 1417 1299 1482 ii
1311 1412 1417 1486 faurus

80 1496 105 1564 li
122 1530 133 1585 3
155 1493 185 1566 se
236 1491 332 1566 xsale
351 1492 547 1566 rorismarini
561 1491 696 1566 venosus
706 1426 830 1594 sanguis
845 1494 983 1569 multum
998 1497 1108 1571 colore
1120 1501 1251 1577 rubroa
1283 1513 1415 1606 nigrum

61 1613 209 1689 vergente
221 1592 356 1665 coaluit.
379 1594 432 1661 Sic
447 1588 490 1660 sal
502 1587 610 1701 thymi
625 1589 780 1703 venosum
791 1585 975 1688 sanguinem
990 1600 1114 1684 minus,
1136 1598 1323 1672 arreriosum
1341 1629 1415 1676 ma-

59 1685 1416 1888 saisissllissff‘hsshlihilii.3&iiiiiiilmpililhllj

58 1877 254 1969 alchimilla,
268 1877 461 1965 chamardti,
476 1903 494 1948 a
518 1882 571 1964 io,
585 1875 730 1965 meliffi,
753 1877 899 1963 lactuca,
924 1878 1095 1975 cychoraeo
1108 1939 1118 1968 ,
1131 1884 1341 1985 heliotropio,
1361 1899 1414 1980 ju-

59 1978 169 2072 nipero
186 1968 261 2046 sunt
275 1975 407 2046 extraiii
420 2031 431 2062 ,
445 1903 567 2043 nullam
581 1971 716 2045 effecere
727 1970 998 2068 coagulationem.
1041 1980 1103 2047 Sed
1116 1981 1289 2078 coagulum
1303 1983 1413 2058 vituli-

60 2093 237 2237 numsaqua
248 2070 386 2183 dilutum
404 2093 557 2236 nngrpam
573 2067 682 2235 eplicit
696 2070 937 2236 cofrgcteriooem
953 2072 987 2139 in
1005 2065 1159 2170 sanguine
1178 2075 1298 2150 venoso
1310 2088 1344 2152 δι
1358 2107 1414 2154 ar.

61 2186 138 2237 reno
153 2193 176 2236 o
191 2223 202 2254 ,
219 2192 279 2240 nec
316 2190 367 2239 uic
392 2189 468 2237 uam
501 2189 547 2236 err
561 2190 617 2235 rer
643 2190 721 2236 uurn
768 2188 807 2238 rt.

102 2268 184 2337 XII.
208 2192 518 2334 illudqetiadrvisum
538 2264 582 2334 est
596 2191 729 2364 esperiri
745 2288 786 2333 an
813 2259 899 2334 sorte
921 2268 956 2335 in
974 2291 1059 2354 aqua
1077 2295 1149 2368 qua
1170 2273 1205 2342 in
1228 2276 1304 2370 equi
1326 2285 1416 2373 perj-

58 2362 165 2431 cardio
181 2383 304 2460 reperta
317 2357 396 2432 vasis
411 2359 454 2431 ali
480 2380 537 2431 uot
550 2382 681 2457 excepta
693 2360 756 2445 est,
768 2358 887 2428 caedem
901 2357 1140 2437 emulationes
1153 2392 1223 2457 quae
1250 2373 1284 2436 in
1310 2370 1393 2443 lasse

57 2478 109 2527 aut
121 2383 748 2555 insanguineexadmlhionesaliumaur
760 2454 782 2524 li
808 2477 926 2523 uorum
937 2453 1062 2529 fierent.
1087 2457 1170 2527 Illud
1183 2464 1215 2527 in
1229 2428 1413 2540 universum

57 2547 468 2716 ‘⁰¹1¹sl'ffiunlgui‘sslili‘ffi
480 2547 680 2662 sulphureos,
693 2572 752 2664 aut
759 2479 842 2714 [alepi
848 2546 979 2661 mlh?
992 2546 1171 2642 cujusmodi
1184 2554 1227 2623 est
1237 2552 1279 2623 sal
1290 2565 1413 2666 tartari,

57 2670 125 2812 ppst
127 2669 466 2839 zffsg,al},13{ug¹;teu1l,
465 2704 481 2813 ‚s
490 2668 695 2812 ιιιιιυιῖιῐιέιὲιζιὴ
693 2702 728 2812 ,ὼ
720 2667 818 2815 ιυιιιτιιο
856 2696 868 2729 ,
895 2664 972 2715 narn
994 2670 1147 2751 magnam
1169 2671 1432 2805 concretionem.

107 2839 228 2910 Eadem
248 2838 330 2936 peni
349 2843 566 2936 experimenta
585 2841 620 2907 in
645 2833 717 2910 sero
733 2836 892 2932 sanguinis
912 2835 1047 2911 humani
1060 2837 1146 2912 fassa
1159 2837 1253 2917 sunt:
1270 2845 1415 2943 liquores

56 2935 137 3008 acidi
150 2933 170 3004 ὲ
184 2932 336 3020 vitriolo,
355 2939 464 3024 nitro,
479 2931 541 3004 sale
555 2939 723 3004 communi
736 2929 872 3004 extillati
882 2930 1011 3005 sirmam
1025 2936 1139 3007 dedere
1156 2947 1413 3033 concretionem,

56 3030 140 3102 nulla
153 3056 194 3102 ex
208 3031 285 3103 oleo
299 3034 431 3110 tartari,
445 3052 501 3101 aut
511 3025 621 3124 spiriru
633 3028 703 3100 salis
715 3032 910 3100 ammoniaci
923 3053 994 3100 orta
1006 3031 1052 3102 est
1072 3065 1081 3119 ;
1101 3027 1212 3130 spiritu
1224 3059 1332 3108 tamen
1342 3043 1412 3112 vini

54 3122 156 3199 affuso
174 3125 282 3199 serum
294 3131 328 3197 in
349 3152 481 3225 grumos
494 3125 644 3196 candidos
661 3124 802 3210 coaluit,
815 3119 858 3193 fic
870 3120 998 3222 spiritus
1017 3125 1310 3207 mellisacceliione
1322 3157 1411 3207 non-

56 3223 129 3294 nihil
150 3220 276 3296 turbari
288 3219 392 3293 serum
404 3216 622 3321 &nigrescere
637 3216 740 3291 visum
752 3222 808 3295 eli.

97 3326 195 3394 x111.
226 3321 307 3420 Jim
322 3341 359 3390 ut
372 3312 486 3388 salium
498 3327 533 3392 δι
554 3316 719 3413 liquorum
737 3323 795 3414 qui
809 3319 844 3386 in
857 3321 1083 3417 coagulatione
1097 3327 1318 3422 promovenda
1328 3324 1410 3401 'sunt

54 3416 188 3487 adhibiti
206 3472 217 3502 ,
232 3418 325 3487 dores
339 3423 373 3487 δι
386 3411 571 3486 differentia
629 3411 756 3512 rspesiae
776 3409 991 3504 haberentur,
1008 3441 1122 3487 omnes
1142 3443 1217 3488 curn
1236 3416 1410 3495 sublimato

53 3518 216 3583 mercurio
235 3520 270 3585 dr
293 3508 425 3582 vitriolo
439 3513 557 3582 Martis
575 3437 742 3607 separatim
763 3508 835 3578 sunt
856 3512 1009 3603 permisti.
1049 3515 1137 3608 Qid
1160 3510 1273 3610 finguli
1292 3517 1411 3609 prasii·

55 3614 148 3679 terint
160 3607 243 3679 nihil
256 3605 381 3679 necrlie
392 3606 436 3676 est
458 3603 522 3677 hoc
546 3603 622 3675 loco
645 3625 914 3674 commemorare.
939 3602 1020 3672 illud
1033 3629 1135 3673 unum
1151 3607 1322 3676 admonere
1337 3604 1411 3680 satia

57 3699 151 3772 suerit
162 3702 229 3774 hoc
243 3726 380 3773 eramen
398 3723 518 3800 magno
532 3701 639 3800 postea
660 3697 729 3768 usui
751 3694 842 3769 suilse
859 3700 893 3767 in
916 3722 1091 3795 corporum
1102 3697 1220 3796 analysr
1240 3701 1411 3800 exploran-

57 3796 111 3868 da.
144 3803 289 3872 Primum
302 3798 434 3894 quidem
453 3818 657 3896 compertum
674 3795 718 3863 est
735 3791 881 3893 spiritum
893 3796 986 3881 vini,
1003 3792 1413 3888 acetumdistillarum,sa.

52 3889 127 3965 lem
142 3889 340 3967 eumanscis
356 3895 554 3978 ntrauum,
580 3887 678 3962 salem
703 3892 872 3989 hyperici,
894 3914 1019 3979 erucae,
1036 3894 1172 3989 juniperi
1189 3890 1312 3965 nullam
1330 3919 1413 3996 prae·

55 3992 278 4084 cipitationem
295 3985 434 4076 creasse,
454 4012 514 4060 nec
525 3986 646 4058 vitrioli
660 3984 854 4059 solutionem
868 3985 1080 4083 perturbasse,
1100 3984 1223 4086 ramersr
1240 3985 1316 4062 sales
1331 4016 1414 4090 prar.

53 4084 136 4155 disti
162 4082 329 4182 hyperici,
348 4109 472 4170 erucas,
497 4094 562 4158 διε.
584 4082 722 4154 Ιιᾶειιιιι
749 4081 893 4152 colorem
907 4077 1060 4151 solutioni
1081 4078 1241 4156 sublimari
1261 4088 1416 4159 concilia·
1479 4107 1481 4111 ·

55 4202 156 4268 nint,
185 4182 275 4277 quod
297 4179 438 4277 liquores
463 4183 544 4278 peni
556 4203 668 4250 omnes
683 4176 744 4249 sale
757 4175 882 4247 volatili
898 4178 1098 4275 impregnari
1118 4181 1262 4278 praestare
1284 4179 1413 4272 solent,

54 4272 145 4372 hujus
158 4279 286 4374 generis
297 4277 341 4347 cst
352 4274 477 4374 spiritus
493 4273 563 4347 salis
572 4276 782 4346 ammoniaci.

98 4399 130 4446 a.
150 4377 279 4469 Liquor
287 4375 416 4457 tartari,
430 4396 466 4444 ur
477 4370 553 4443 sales
569 4370 699 4468 plurimi
715 4367 733 4436 ἐ
753 4367 868 4466 plantis
881 4371 1014 4441 extradii
1034 4377 1068 4442 δι
1081 4368 1234 4444 lixiviales
1256 4371 1417 4447 sublimati

56 4465 247 4542 solutionem
262 4467 402 4541 multum
415 4470 671 4565 pracipitarunt.
686 4464 831 4537 &rubro
849 4491 905 4537 aut
924 4464 1011 4537 flavo
1025 4465 1135 4536 colore
1149 4522 1159 4553 ,
1174 4492 1210 4538 ur
1225 4470 1344 4540 vitrioli
1361 4467 1417 4538 so-

54 4560 212 4638 lutionem
226 4563 364 4635 caeruleo
379 4569 413 4635 dc
431 4562 569 4635 obscuro
582 4560 693 4633 colore
716 4559 897 4633 infecerunt
917 4587 992 4632 cum
1017 4586 1134 4658 magna
1155 4568 1416 4662 precipitatione.

56 4659 92 4728 ln
103 4663 190 4734 bunc
210 4655 342 4731 censum
355 4653 466 4730 referri
481 4656 608 4758 possunt
635 4655 710 4729 sales
735 4656 957 4747 ladiucarum,
973 4658 1099 4733 melillrr
1113 4714 1125 4748 ‚
1141 4660 1295 4747 meliloti,
1318 4654 1417 4737 burst

61 4760 214 4853 palloris,
229 4752 391 4854 cychoraei
404 4809 417 4844 ,
429 4750 652 4858 scrophulariae
665 4756 818 4844 ώίιιοιὶε,
834 4747 949 4830 salvias.
1192 4856 1224 4926 K
1250 4853 1269 4869 ..
1411 4776 1412 4779 ’

1246 4875 1281 4950 ¹¹l
