3646 5430
125 457 130 469 Ι
313 355 653 435 ’ᾺΟΑΒΕΜῙΕ
688 360 992 437 HISTORIA.
1031 362 1105 437 lna.
1124 368 1185 442 1v.
1385 374 1439 470 385

128 453 262 535 afferto
281 454 447 532 hocanno
470 465 517 531 D.
540 460 667 530 Dodart
692 459 869 556 Epistolam
895 460 935 529 ad
962 456 993 532 se
1017 458 1167 557 scriptam
1189 457 1387 538 vesuntione
1414 458 1540 552 aHr'ss.

64 562 159 635 Viro
174 551 363 630 Clarissimo
387 613 398 644 ,
424 561 457 628 in
479 552 539 625 hac
560 559 736 628 Provinciae
760 555 889 655 praefide
912 555 1012 654 legit,
1037 558 1075 626 de
1094 581 1197 654 puero
1215 562 1359 655 quodam
1388 591 1433 638 ro
1453 562 1575 633 Arum

68 651 478 821 miiffi‘lu's'illliiil
492 652 513 792 ἦ
527 646 1088 820 lfiiill‘ltllllnlslsl
1111 653 1320 822 ἰἓῗῖιῗῖἶὲ
1338 666 1438 828 {iili

67 773 358 1013 {dgrediebatum
376 867 436 913 nec
450 802 582 952 fascias,
597 842 713 938 quibus
726 774 865 915 infandas
874 843 1083 917 involvuntur
1094 773 1177 916 sdrre
1186 776 1312 945 poteqrat
1325 885 1336 941 3
1349 859 1438 922 anno

85 945 215 1048 eptimo
233 937 318 1007 virili
339 961 407 1010 erat
420 936 558 1027 habitu,
574 949 607 1015 &
622 938 817 1012 barbatulus.

508 1268 787 1350 CAPUT
858 1268 957 1355 VI.

468 1490 524 1557 De
577 1473 690 1558 Rebus
736 1480 996 1566 anatomicis.

66 1690 101 1764 Ϊ.
214 1679 317 1762 Eusu
338 1685 439 1758 ovalis
458 1684 625 1758 foraminis
647 1689 682 1756 in
699 1685 782 1758 foetu
801 1689 883 1756 inter
910 1695 953 1761 D.
976 1692 1103 1789 Mery,
1132 1698 1166 1764 δι
1195 1691 1243 1766 D.
1273 1697 1443 1791 varignon

217 1781 346 1879 quaslio
365 1787 460 1853 initio
485 1781 577 1876 hujus
601 1785 677 1852 anni
698 1783 741 1853 est
764 1784 900 1878 agitata.
928 1783 1080 1883 Negabat
1104 1786 1158 1860 ille
1180 1787 1216 1858 in
1241 1791 1331 1861 ovali
1353 1793 1442 1863 fora·

73 1891 167 1963 mine
187 1879 286 1956 ullam
299 1877 488 1966 valvulam,
509 1899 564 1948 aut
582 1900 655 1947 eam
675 1902 745 1974 quae
761 1886 951 1951 eonomine
974 1878 1118 1953 cenl‘etur
1142 1941 1153 1972 ,
1176 1888 1221 1955 ita
1244 1884 1305 1956 effe
1335 1885 1443 1956 collo-
1504 1894 1518 1919 ‘
1620 1961 1624 1971 ,

13 1984 25 2011 ’
74 2006 207 2068 oetam,
222 1995 258 2046 ut
273 1969 421 2044 foramen
443 1969 549 2072 ipsum
569 1965 663 2072 poffit
677 1972 872 2044 occludere:
896 2001 971 2048 eum
993 2001 1079 2072 aqua
1106 1975 1308 2079 syphunculo
1320 1984 1353 2050 in
1366 2005 1445 2053 aor-

40 2088 46 2093 '
74 2100 165 2167 nm,
182 2094 239 2147 aut
257 2067 422 2168 pulmonis
438 2093 555 2140 venam
579 2072 696 2152 injecta
715 2093 771 2167 pet
796 2066 874 2138 illud
900 2072 1047 2144 foramen
1074 2079 1109 2144 in
1131 2076 1308 2146 auriculam
1335 2078 1444 2149 cordia

76 2174 223 2255 &nram
239 2185 361 2259 ,atque
373 2167 446 2235 inde
459 2169 492 2234 in
506 2188 622 2236 venam
641 2189 756 2235 cavam
777 2160 875 2234 libere
889 2167 1118 2240 transmittatur
1142 2194 1153 2241 a
1178 2173 1267 2263 quod
1287 2167 1382 2246 semel
1409 2183 1444 2249 dt

76 2272 197 2342 iterum
210 2270 247 2346 in
272 2258 393 2358 duplici
415 2260 497 2331 soetu
516 2259 623 2354 palam
649 2260 797 2332 ostendit.
819 2263 1082 2358 Experimenturn
1108 2264 1188 2336 illud
1215 2266 1363 2430 opposuit
1396 2276 1445 2346 D.

76 2371 277 2464 Varignorr:
305 2379 381 2424 curn
405 2379 549 2427 extremo
572 2358 596 2426 st
622 2354 645 2424 li
662 2359 753 2454 apice
770 2355 853 2424 hanc
882 2356 1043 2426 valvulam
1069 2414 1079 2444 ,
1103 2353 1183 2455 'quae
1210 2386 1252 2455 po
1300 2388 1444 2439 mortem

10 2454 22 2499 l
77 2455 271 2559 complicari
285 2449 396 2537 solet,
422 2458 492 2522 ram
508 2454 619 2523 exacte
640 2449 793 2521 foramini
814 2448 1076 2537 admovisset,ur
1101 2458 1149 2524 D.
1169 2456 1210 2523 du
1233 2463 1362 2548 Verney
1388 2483 1445 2530 tu..

10 2554 26 2594 ²
75 2551 158 2627 bulo
174 2546 530 2646 venampulmonarem
550 2543 696 2645 perflaret
712 2602 723 2633 ,
738 2554 772 2618 δι
790 2550 837 2617 D.
849 2550 1017 2643 Varignon
1036 2544 1127 2618 filum
1156 2572 1299 2622 ceratum
1325 2560 1359 2626 dr
1385 2583 1444 2628 ac·

21 2678 26 2685 ·
74 2648 213 2722 oensum
225 2670 263 2717 ex
284 2664 375 2741 parte
397 2641 496 2714 altera
518 2639 623 2712 versus
638 2640 781 2713 dextram
795 2645 899 2712 cordis
910 2641 1086 2712 auriculam
1099 2667 1350 2738 manuteneret,
1363 2652 1444 2724 nihil

23 2770 34 2819 ’.
72 2768 176 2820 mota
197 2743 241 2811 est
260 2737 409 2822 damma,
429 2747 463 2812 δι
483 2736 647 2808 valvulam
668 2739 815 2808 accurate
845 2735 997 2807 foramini
1018 2740 1206 2835 applicitam
1226 2740 1325 2814 ambo
1351 2748 1445 2819 vide-

72 2862 156 2914 runt
176 2865 186 2910 r
202 2832 254 2910 sed
269 2837 287 2909 d
302 2858 389 2906 veuae
403 2859 487 2906 cavae
501 2832 644 2932 partibus
659 2830 808 2932 perflatus
820 2838 874 2904 a'e'r
887 2832 974 2904 ultro
985 2858 1040 2933 per
1051 2834 1214 2906 valvulam
1227 2834 1443 2918 dehiscentem

74 2932 188 3012 subiit.
1007 3003 1009 3007 ,

122 3036 182 3105 11.
220 3026 374 3126 Negabat
395 3032 441 3101 D.
465 3032 563 3122 Mety
588 3022 811 3096 membranam
823 3022 912 3094 illam
929 3027 1019 3094 omni
1033 3048 1071 3095 ex
1098 3049 1186 3126 parte
1211 3026 1358 3103 foramen
1385 3034 1443 3108 olv-

73 3122 217 3215 duxisse,
231 3124 321 3221 quod
334 3122 485 3220 praeditlo
500 3117 703 3193 confirmavit
719 3125 950 3217 experimento.
977 3124 1068 3192 Nam
1081 3147 1164 3220 aqua
1178 3122 1320 3223 syphone
1341 3133 1443 3223 injec-

71 3243 114 3295 ta
127 3225 164 3294 in
175 3244 302 3307 aortam
315 3275 328 3308 ,
343 3227 377 3290 δέ
390 3244 447 3317 pet
461 3242 577 3292 venam
588 3215 781 3314 pulmonum
792 3213 929 3286 immissa
944 3219 977 3289 in
990 3218 1134 3291 dextram
1149 3225 1252 3295 cordis
1264 3227 1445 3298 auriculam
1504 3306 1507 3312 ⁴

70 3322 249 3413 trajicitur.

122 3417 205 3486 Hoc
217 3435 444 3511 argumentum
458 3416 542 3483 circa
556 3405 649 3479 usum
663 3406 765 3478 ovalis
783 3404 950 3477 foraminis
962 3414 996 3478 δι
1006 3405 1124 3478 Botalli
1140 3436 1175 3484 ut
1190 3435 1308 3485 vocant
1321 3467 1332 3499 ,
1344 3437 1443 3485 cana-

68 3510 115 3586 lia
127 3514 164 3581 in
177 3507 261 3580 fotu
277 3518 311 3581 δι
324 3514 358 3581 in
369 3510 523 3581 testudine
534 3503 633 3606 paulo
649 3501 775 3572 uberius
792 3501 1026 3665 estpcrstcutus
1050 3506 1095 3572 D.
1118 3512 1177 3577 Me
1199 3505 1201 3508 ’
1237 3513 1270 3579 in
1286 3507 1442 3603 peculiari

71 3601 305 3679 dislettanone.
344 3608 396 3677 Ac
418 3609 559 3703 primum
576 3599 708 3694 quidem
728 3620 834 3666 riona
859 3599 977 3664 entitur
999 3605 1166 3669 communi
1183 3602 1231 3671 ili
1246 3611 1280 3674 &
1304 3626 1443 3702 recepte

72 3701 354 3777 Anatomicorum
374 3704 590 3771 recentiorum
602 3690 781 3770 sententiar,
804 3693 869 3786 qua
882 3688 1044 3759 valvulam
1070 3693 1103 3759 in
1124 3717 1240 3767 trunco
1263 3699 1444 3795 venaepul-

71 3819 220 3869 monum
236 3791 278 3865 fic
288 3819 431 3894 aptatam
452 3815 589 3893 putant,
608 3811 644 3859 ut
658 3791 775 3882 majori
786 3783 947 3884 sanguinis
956 3788 1043 3883 parti
1055 3781 1191 3860 liberum
1215 3790 1352 3890 praebeat
1367 3796 1441 3866 adi·

71 3890 152 3965 torn
165 3888 187 3961 a
199 3913 280 3962 vena
296 3917 374 3962 cava
386 3892 426 3961 ad
446 3889 637 3989 pulmonum
650 3908 779 3970 venam,
793 3878 924 3978 ejusque
935 3882 1073 3951 reditum
1087 3885 1121 3954 in
1131 3910 1246 3959 cavam
1259 3887 1447 3984 prohibeat,

70 3980 157 4058 cum
170 4009 209 4058 ea
223 3984 351 4058 valvula
363 3984 511 4057 foramen
523 3981 616 4054 ovale
632 3974 771 4050 obducat
781 4035 794 4068 ,
803 3982 899 4075 eique
918 3971 1057 4073 impulsu
1069 3973 1259 4079 sanguinise
1273 4008 1356 4056 vena
1367 3987 1445 4086 pul·

73 4101 220 4154 monum
235 4083 420 4177 prodeuntis
439 4075 643 4153 adhaerescat.
1458 4094 1462 4101 ·

83 4246 86 4251 .
128 4181 213 4249 111.
239 4179 327 4247 Rem
340 4203 409 4248 non
422 4183 466 4250 ira
483 4175 513 4249 se
525 4172 643 4246 habere
652 4169 760 4241 multia
774 4165 949 4240 rationibus
958 4171 1137 4247 contendit.
1156 4176 1360 4275 deprimam
1368 4183 1443 4276 qui·

70 4271 155 4346 ‘dem
169 4272 391 4367 apud'omnes
412 4278 446 4344 in
464 4266 607 4345 confesso
622 4267 666 4338 est
693 4269 882 4337 arteriarum
905 4265 1002 4337 tubos
1024 4291 1099 4338 cum
1119 4265 1278 4368 sanguinis
1302 4297 1358 4369 per
1386 4298 1448 4346 eoa

74 4368 278 4441 decrurentia
289 4365 376 4437 mole
393 4391 513 4440 certam
529 4363 645 4437 habere
666 4366 850 4446 rationem,
867 4362 949 4432 adeo
967 4387 1002 4434 ut
1016 4388 1075 4462 per
1091 4366 1284 4465 ampliorem
1297 4366 1447 4443 canalem

72 4470 186 4557 major
207 4458 366 4560 sanguinis
380 4467 472 4561 copia
487 4460 658 4535 deferatur.
684 4463 723 4528 ln
743 4455 874 4530 homine
895 4450 1020 4555 sanguis
1034 4461 1175 4533 omniaa
1197 4487 1279 4533 vena
1306 4485 1385 4532 cava
1407 4468 1451 4537 ior

74 4559 227 4637 dextrum
247 4557 353 4629 cordis
366 4555 470 4628 sinum
491 4552 692 4640 effirnditur,
717 4558 774 4649 qui
795 4579 850 4653 per
868 4558 1020 4624 arteriam-
1043 4556 1236 4653 pulmonum
1257 4613 1269 4644 ,
1287 4578 1359 4627 tum
1383 4582 1446 4654 pcc

71 4674 178 4747 venas
191 4651 384 4751 pulmonum
401 4658 434 4724 in
448 4647 550 4723 sanum
565 4645 722 4720 sinistrum
747 4650 851 4721 cordis
870 4671 1059 4738 commeat,
1076 4675 1115 4721 ac
1134 4653 1266 4722 demum
1285 4674 1342 4816 per
1364 4677 1451 4724 aot-r

67 4768 195 4847 mro
213 4770 320 4826 rorum
332 4774 449 4856 corpus
461 4749 604 4825 dimanat
623 4771 635 4820 a
658 4742 743 4872 unde
758 4743 921 4846 utriusque
934 4747 1056 4819 arteria
1067 4747 1221 4888 diametrp
1231 4751 1269 4815 io
1309 4744 1352 4854 ali
1364 4771 1453 4861 cong,
