3646 5430
464 383 808 458 renuente
850 391 1361 472 HlsToR1d.Lrs.11.
1502 423 1561 491 ¹99

206 477 280 544 citra
293 473 404 549 cibum
418 502 562 592 exegere.
599 487 637 591 lit
649 481 778 575 quidem
794 486 973 555 crocodilus
989 487 1154 580 quoddam
1170 492 1214 561 est
1227 493 1420 565 lacertorum
1434 515 1557 594 genus,
1574 489 1661 580 Hill.

206 571 291 664 quod
307 568 445 646 crescere
464 597 563 646 totius
583 599 655 647 vrtae
668 571 799 646 decursu
812 580 958 650 auslores
972 583 1133 655 testantur.
1573 588 1684 660 Atrine.

245 671 302 746 X·
330 672 399 740 Hic
410 673 541 766 quidem
553 675 605 739 vix
617 693 755 765 quatuor
773 672 866 767 pedes
883 673 997 772 longus
1018 698 1086 747 erat
1109 704 1118 748 e
1145 700 1253 752 totum
1276 709 1391 782 corpus
1409 711 1477 759 uno
1498 716 1556 761 ca.

202 765 263 855 pite
279 787 419 859 excepto
433 761 571 862 squamis
599 766 776 836 obduslum
801 770 883 862 pene
908 772 1051 840 rotundis
1070 776 1104 842 in
1128 774 1215 845 collo
1239 787 1273 851 dr
1302 778 1445 853 cruribus
1471 821 1479 836 ·
1520 792 1555 859 in

198 875 301 1022 {321ng2
301 867 347 1025 fiet
348 857 526 1027 ¹iptisuqrpsa
532 863 645 1025 ⁶ckpzudrc
657 883 745 1024 parte
755 862 843 1024 velpt
856 860 957 934 fascia:
972 868 1115 1030 quaedarp
1133 865 1308 982 squamosa
1325 898 1414 984 erant
1425 933 1440 993 ’.
1458 842 1552 991 sulcis

191 1044 354 1144 >orer-ra,
376 981 529 1146 dubl
545 982 669 1122 onir}
682 979 947 1149 {llr‘dldss
960 972 1552 1145 lll.‡{⁰...'.¹.‘,²‘.¹?d.2¹rddlll:

194 1142 348 1216 vertebris
364 1144 441 1218 binc
455 1149 527 1216 inde
538 1147 579 1214 ad
596 1145 723 1218 lumbos
737 1143 835 1242 usque
848 1154 893 1217 ita
906 1143 977 1219 sunt
990 1153 1142 1247 porredbae
1156 1210 1167 1240 ,
1188 1156 1226 1228 ut'
1236 1164 1320 1229 inter
1334 1185 1386 1231 eas
1400 1163 1547 1236 distincta

195 1233 255 1308 smt
269 1240 437 1313 intervalla
450 1238 588 1337 squamis
602 1243 758 1316 destituta.
793 1245 903 1338 Atque
918 1248 951 1312 in
966 1250 1003 1315 iis
1015 1241 1088 1317 solis
1108 1253 1283 1324 intervallis
1305 1256 1428 1327 vulneri
1458 1260 1548 1332 locus

194 1332 252 1405 est.
277 1337 365 1405 Nam
376 1331 515 1433 squamae
528 1331 599 1432 ipsae
611 1333 682 1407 funt
693 1338 772 1406 adeo
783 1335 881 1406 frmae
892 1346 925 1408 de
939 1342 1022 1411 durae
1036 1399 1044 1421 ‚
1061 1365 1096 1413 ut
1112 1347 1193 1441 pene
1206 1343 1264 1419 snt
1277 1352 1546 1448 impenetrabiles,

197 1434 336 1503 mediam
351 1434 444 1523 ‘inter
476 1459 512 1502 os
532 1440 566 1502 δι
584 1433 802 1529 cartilaginem
815 1435 915 1502 nasta
927 1457 1074 1507 naturam
1090 1464 1179 1526 ·,non
1193 1441 1340 1539 fragiles,
1360 1469 1395 1516 ut
1406 1446 1482 1535 ossa,
1494 1445 1546 1518 sed

195 1520 345 1599 flexibiles
362 1555 372 1601 r
393 1533 475 1601 unde
495 1533 528 1598 in
551 1531 705 1619 junsturis
723 1530 950 1599 tantummodo
967 1528 1136 1603 fasciarum
1165 1538 1357 1609 Crocodilus
1382 1542 1541 1613 vulnerati

195 1624 296 1721 potest
306 1623 366 1694 nili
378 1629 412 1694 in
427 1650 462 1695 ca
486 1629 528 1694 ite
539 1681 549 1711 ,
562 1650 581 1694 a
592 1647 626 1695 ut
639 1620 696 1691 sub
707 1644 827 1693 ventre.

290 1725 323 1788 in
340 1729 376 1792 de
398 1652 485 1790 dors
500 1731 533 1793 or
553 1720 657 1789 caudae
678 1717 815 1814 squamae
840 1721 930 1791 cristd
949 1725 1087 1817 quadam
1108 1733 1295 1813 muniuntur
1316 1786 1326 1817 ,
1347 1754 1382 1802 ut
1400 1732 1489 1830 galee
1506 1742 1540 1808 δι

186 1813 260 1886 eaffi
282 1839 344 1903 es,
362 1824 400 1886 dt
422 1821 456 1885 in
479 1817 616 1886 eundem
635 1810 856 1908 propensum.
881 1821 1058 1890 Tenuiores
1079 1817 1150 1894 sunt
1171 1820 1386 1914 subvenere,
1417 1831 1539 1918 cauda,

186 1906 353 1999 cruribus,
368 1911 456 1983 collo
475 1921 505 1980 dr
523 1911 650 1980 maxilla
662 1907 835 1998 inferiore,
848 1936 908 1982 nec
926 1914 1016 1982 crilld
1028 1923 1157 1986 munira
1170 1975 1180 2004 ,
1195 1915 1245 1986 sed
1257 1924 1302 1988 uti
1324 1924 1468 2015 quadrati
1490 1923 1540 1992 la.

183 2006 271 2101 pidcs
291 2002 441 2106 dispofite
460 2012 660 2077 continuatas
668 2001 778 2076 fascias
789 2028 825 2078 ut
837 2011 870 2077 in
883 2004 978 2078 dorso
991 2032 1058 2080 non
1070 2009 1220 2083 exhibent
1240 2067 1252 2099 ,
1273 2038 1379 2111 neque
1399 2041 1472 2089 eam
1497 2019 1537 2090 ad

183 2098 391 2174 resistendum
413 2108 483 2172 vim
497 2100 624 2179 habent·

215 2199 345 2294 Caput
364 2222 446 2295 pene
465 2221 572 2269 totum
587 2194 651 2268 sole
671 2192 753 2293 pelle
772 2199 902 2269 vestitur
924 2226 933 2269 ε
955 2202 988 2268 in
1005 2221 1151 2271 extremo
1173 2205 1265 2273 roslri
1281 2210 1372 2303 apice
1388 2207 1536 2283 foramen

180 2291 228 2362 en
250 2295 428 2377 rotundum
450 2294 541 2364 molli
570 2317 664 2363 carne
692 2318 736 2388 op
759 2290 859 2362 letum
880 2329 889 2382 3
914 2292 958 2363 ibi
979 2295 1045 2362 duo
1064 2294 1134 2364 sunt
1156 2322 1251 2394 parra
1284 2299 1443 2371 foramina
1480 2304 1537 2376 ubi

181 2413 306 2460 nares:
331 2394 386 2460 Sic
409 2389 548 2458 duoalia
564 2385 655 2483 supra
677 2319 846 2455 oculorum
868 2386 987 2456 orbitas
1009 2386 1109 2483 posta
1130 2388 1288 2459 foramina
1314 2395 1433 2487 duplici
1447 2398 1536 2493 quali

179 2486 261 2555 velo
281 2485 445 2572 obuiae,
463 2509 553 2555 aures
577 2479 647 2552 sunt
661 2539 671 2568 ,
686 2505 756 2577 quae
773 2475 926 2551 subdudta
940 2480 1029 2576 pellis
1051 2484 1226 2578 appendice
1246 2482 1318 2554 sunt
1345 2485 1535 2588 conspicuae.

180 2578 303 2652 Altera
320 2578 410 2675 pellis
419 2581 576 2677 appendix
590 2579 684 2648 instar
704 2573 858 2673 palpebra
875 2577 920 2645 est
948 2573 1100 2660 mobilis,
1117 2575 1204 2647 fibris
1227 2584 1349 2648 carneis
1363 2583 1532 2655 instructa:

181 2676 305 2744 dustus
318 2675 625 2771 brevisinrympani
638 2672 856 2758 membranam
869 2669 990 2742 desinit.
1033 2670 1181 2767 Reliquae
1208 2680 1319 2770 organi
1343 2672 1435 2766 hujus
1456 2703 1534 2777 par.
1568 2728 1571 2737 ,

179 2763 442 2844 reseodem'fere
454 2767 635 2839 modosunt
647 2763 818 2866 dispofitae,
835 2791 902 2861 quo
920 2770 954 2835 in
972 2763 1109 2853 avibus,
1125 2765 1182 2836 nisr
1209 2768 1299 2862 quod
1321 2793 1358 2837 ea
1383 2778 1502 2844 cavitas
1520 2832 1532 2863 ,

176 2890 255 2963 quae
275 2863 419 2937 vestibuli
436 2865 514 2937 loco
539 2866 582 2935 est
607 2921 618 2954 ‚
650 2863 756 2936 multo
775 2864 819 2932 est
840 2862 960 2947 latior,
983 2861 1162 2933 &canales
1187 2860 1432 2938 stmicirculares
1459 2865 1532 2941 sunt

173 2984 336 3033 aaran.

227 3055 368 3128 Maxilla
388 3055 522 3127 inferior
539 3051 604 3123 sola
622 3054 668 3123 est
690 3054 839 3141 mobilis,
862 3076 928 3126 non
957 3057 1036 3122 item
1057 3049 1219 3150 superior,
1241 3077 1277 3126 ut
1302 3055 1401 3152 vnlgd
1425 3060 1530 3130 credi-

175 3176 251 3225 tum·
263 3154 320 3224 est·
344 3157 443 3223 Circa
457 3150 598 3220 medium
618 3149 775 3221 inferioris
786 3156 950 3243 utrimque
961 3170 1028 3217 erat
1041 3146 1209 3244 glandula,
1230 3152 1390 3245 quaesoris
1422 3152 1529 3226 arebat

174 3248 340 3345 liquorem
351 3244 519 3321 suasfffimi
533 3247 638 3316 odoris
651 3242 809 3342 spargens.
833 3251 940 3336 Huus
959 3268 1026 3315 non
1048 3245 1221 3312 meminere
1243 3251 1369 3345 antiqui
1390 3180 1529 3348 sdripto-

175 3368 245 3429 res,
265 3370 340 3413 eam
355 3348 511 3414 recentior
526 3343 651 3411 Audlor
662 3339 830 3436 descripsit.

227 3446 302 3513 XI.
338 3445 421 3511 Haec
442 3439 480 3506 de
503 3434 608 3505 forma
633 3441 780 3507 exteriori
808 3439 974 3507 Crocodili
1000 3435 1072 3506 satis
1094 3426 1190 3505 fuerit
1208 3434 1341 3510 strictim
1367 3437 1524 3514 delibaffi.

174 3537 437 3634 Longumnimis
449 3531 523 3601 ell'et
537 3530 754 3600 musculorum
771 3530 959 3601 strusturam
971 3588 981 3618 ,
994 3541 1027 3602 dt
1055 3551 1155 3627 partes
1180 3533 1345 3601 interiores
1366 3530 1523 3626 persequi.

173 3632 237 3699 lua
254 3635 344 3700 enim
360 3627 525 3725 diligenter
540 3621 610 3696 sunt
665 3627 811 3694 rtradtata
823 3629 857 3693 in
869 3625 961 3715 liujus
978 3624 1125 3695 animalis
1136 3617 1357 3716 descriptione.

228 3730 275 3795 Ac
311 3747 400 3793 raeter
413 3747 522 3793 caetera
534 3651 696 3818 singulfus
710 3717 905 3790 videturesse
926 3718 1141 3789 musculorum
1163 3713 1341 3788 abdominis
1357 3720 1522 3800 stmstura.

179 3821 264 3889 Duo
274 3751 344 3890 slot
357 3821 520 3906 utrimque
537 3827 558 3889 'a
574 3817 765 3888 terrestrium
785 3813 973 3898 animalium
990 3808 1137 3887 musculis
1150 3833 1216 3879 non
1232 3811 1360 3883 tanttlm
1374 3839 1524 3908 numero,

174 3914 232 3988 sed
246 3913 445 4008 fituquoque
469 3922 502 3982 dt
526 3913 681 3982 structura
699 3906 809 3979 diverfi
834 3936 842 3982 :
866 3934 941 3980 nam
961 3911 1098 3982 exterior
1123 3906 1216 3979 collis
1241 3908 1284 3976 est
1314 3906 1522 4009 suppofitus‚

174 4014 318 4091 interior*
338 4003 392 4077 sub
412 4011 449 4078 iis
471 4016 585 4094 jacet,
614 4015 646 4076 &
671 4001 789 4082 viscera
817 4003 881 4102 ipsa
903 4012 1048 4101 proxime
1073 4005 1167 4088 instar
1191 4007 1347 4099 peritonei
1370 4008 1520 4086 involvit.

172 4105 461 4198 Exterioris'origo
475 4102 519 4172 est
546 4101 737 4198 multiplex:
764 4099 813 4168 sed
836 4105 922 4170 varia
951 4109 1019 4194 ejus
1051 4103 1155 4195 capita
1179 4101 1211 4165 in
1238 4100 1375 4170 eundem
1403 4110 1522 4174 co'c'unt

170 4196 309 4275 musculi
328 4222 484 4270 ventrem.
511 4198 598 4268 lllius
611 4202 709 4269 tendo
730 4219 796 4264 uno
819 4191 865 4267 sui
887 4218 1030 4265 extremo
1057 4197 1090 4262 in
1112 4189 1177 4263 olla
1197 4194 1397 4266 innominata
1429 4203 1463 4266 &
1486 4200 1522 4268 in

169 4293 351 4398 apophyses
365 4292 582 4363 vertebrarum
595 4291 781 4372 lumborum
793 4347 805 4381 ‚
824 4287 925 4360 altero
938 4288 983 4359 sui
995 4310 1138 4359 extremo
1151 4293 1183 4356 in
1198 4290 1359 4362 tendinem
1372 4288 1518 4386 amplum

169 4396 264 4476 bostar
281 4387 478 4470 membranae
494 4411 624 4459 tenuem
643 4386 777 4473 definit,
810 4390 867 4484 qui
889 4391 975 4484 tegit
986 4383 1115 4457 viscera.
1157 4378 1225 4452 Sub
1250 4381 1333 4452 dors
1356 4382 1439 4481 pelle
1462 4383 1521 4456 alii

168 4482 414 4567 mormacus,
461 4509 577 4553 uorum
594 4488 734 4581 origines
754 4478 825 4552 funt
844 4485 878 4553 io
898 4480 1051 4552 vertentis
1069 4487 1104 4552 de
1120 4478 1244 4565 collis,
1270 4479 1412 4554 tendines
1439 4481 1519 4552 vero

168 4583 332 4666 infulcias
346 4507 467 4676 ,ipsasl
484 4604 648 4649 nnmerum
669 4575 787 4661 ficnifr
803 4575 873 4649 furit
897 4574 1033 4663 definere
1051 4635 1062 4665 ‚
1083 4599 1120 4653 ut
1134 4573 1190 4663 alii
1211 4572 1358 4658 deorsum
1379 4573 1519 4669 purrcffl

166 4676 281 4759 fiscina
292 4670 415 4753 {tirsum
427 4694 475 4757 tra
499 4697 581 4760 anr3
607 4673 661 4744 alii
682 4677 842 4744 econtra.
867 4671 953 4745 Usus
963 4678 998 4744 in
1012 4667 1153 4768 utrisque
1174 4673 1199 4738 is
1219 4669 1343 4738 videtur
1354 4689 1390 4736 ut
1408 4663 1519 4738 fascias

164 4776 245 4893 puae
263 4771 336 4858 aliis
350 4768 564 4860 admoveant,
585 4790 641 4842 aut
657 4769 824 4859 diducant,
845 4793 1019 4870 cumupur
1045 4767 1140 4875 βιοτὴ
1161 4764 1291 4861 ,idque
1313 4761 1461 4861 prestant
1480 4780 1520 4838 ut
