3646 5430
286 330 343 421 256
589 318 789 392 atain
836 313 1290 388 serenitatum
1325 347 1332 360 ·

153 418 217 488 Aa
230 439 267 488 ta.
332 417 472 490 Eandem
494 415 652 487 maculam
675 410 813 485 contulit
840 433 914 480 cum
947 409 1010 480 alia
1037 435 1136 506 qnam
1162 408 1383 481 observaverat
1406 402 1513 479 mense
1536 411 1609 485 Maia

155 515 245 585 ι686.
283 517 358 585 anni
388 517 470 605 1684
507 516 540 582 in
571 510 686 581 eodem
717 505 800 576 Solis
837 505 989 600 parallelo
1018 562 1028 591 ,
1065 507 1272 600 mediumque
1297 504 1381 574 Solis
1404 509 1506 575 renuit
1525 507 1568 577 die
1585 534 1607 581 ιι

286 612 401 691 Maii,
426 605 503 679 bora
528 627 642 703 quarta
667 623 740 674 ante
769 598 947 673 rneridiem.
991 597 1164 670 intercessit
1193 624 1273 694 ergo
1303 603 1386 670 inter
1418 600 1609 673 revolutione

285 700 448 797 utriusque
472 703 603 773 maculae
628 692 832 770 intervallum
854 695 976 764 dierum
995 720 1078 788 714,
1101 691 1253 765 horarum
1276 721 1308 767 ιι
1338 751 1348 781 ,
1373 691 1467 792 quod
1489 695 1607 767 distribt.

285 818 356 867 tum
378 801 412 867 in
441 809 487 869 26
510 795 724 867 revolutiones
750 789 805 860 dat
830 792 1004 888 unicuique
1024 786 1216 861 revolutioni
1241 790 1307 860 dies
1333 817 1371 880 27
1398 846 1411 878 ,
1440 786 1533 861 ltotas
1556 815 1605 882 rt,

288 915 334 980 32
363 917 444 969 mm.

336 988 371 1056 Id
385 1012 464 1057 vero
508 986 626 1058 uaefivit
639 990 721 1056 inter
738 980 972 1053 observationes
984 980 1144 1052 Scheineri
1157 980 1203 1068 ,li
1228 982 1314 1053 forte
1330 1006 1368 1051 ex
1388 985 1427 1052 iis
1445 982 1488 1052 ali
1512 979 1601 1052 uaeas

287 1083 361 1153 dem
376 1012 582 1153 fetehaberet
604 1106 679 1152 cum
701 1079 749 1149 his
771 1073 891 1146 duabus
912 1080 1111 1147 conditiones
1132 1131 1142 1160 ,
1163 1099 1261 1173 atque
1281 1078 1312 1147 id
1330 1006 1532 1175 deprehendit
1544 1077 1602 1168 ejus-

287 1179 378 1247 modi
394 1178 553 1248 maculam
570 1175 659 1247 fuisso
671 1233 681 1264 ,
695 1198 765 1269 quae
781 1169 822 1239 ab
841 1194 881 1238 eo
896 1169 999 1242 suerat
1023 1169 1186 1241 observata
1200 1198 1286 1245 anno
1301 1186 1373 1267 1625
1386 1195 1539 1268 ,quaeque
1553 1195 1601 1242 rae·

288 1272 378 1341 dium
399 1272 482 1342 Solis
499 1293 644 1342 tenuerat
666 1272 716 1339 die
739 1284 773 1342 16
790 1267 873 1336 Maii
895 1263 974 1336 bora
996 1288 1109 1362 quarta
1131 1260 1307 1363 vespertina
1324 1270 1442 1337 Romae
1454 1320 1466 1353 ,
1482 1262 1604 1362 quaesunt

288 1387 350 1436 tres
371 1366 458 1437 horae
488 1371 536 1439 rt
561 1372 640 1438 utin.
663 1362 784 1438 Parisiis
814 1382 890 1430 cum
913 1357 1007 1431 simili
1035 1358 1246 1431 declinatione
1274 1361 1423 1448 Australi.
1465 1363 1604 1453 Intttjrdv

288 1466 444 1558 temporis
466 1461 638 1533 intervallo
654 1461 738 1532 banc
758 1464 841 1529 inter
862 1450 1117 1526 observationem
1136 1463 1168 1525 &
1182 1479 1254 1526 eam
1276 1481 1348 1550 quar
1369 1480 1458 1529 anno
1478 1464 1551 1533 ι686
1566 1456 1604 1526 ba

289 1552 358 1624 bita
372 1557 415 1625 est
428 1614 439 1645 ,
454 1561 575 1628 invenit
589 1556 802 1628 revolutiones
822 1553 902 1637 810,
922 1550 1044 1621 dierum
1064 1577 1124 1638 27,
1141 1548 1293 1621 horarum
1322 1579 1374 1639 rt,
1401 1555 1477 1624 min.
1492 1581 1524 1642 3²
1549 1610 1560 1642 ,
1585 1558 1605 1622 lt

208 1646 211 1650 ⁴
289 1645 373 1720 hanc
387 1649 553 1748 periodum
568 1647 687 1724 censuit
700 1652 804 1748 accipi
826 1643 913 1745 posse
935 1649 970 1715 iu
993 1645 1159 1718 modulum
1184 1645 1345 1718 Solarium
1364 1646 1607 1721 revolutionum&

289 1762 372 1815 tetra
390 1751 623 1845 apparentium.
1254 1812 1257 1819 .

338 1846 437 1913 vll.
461 1846 542 1937 Qae
563 1837 669 1914 mense
692 1837 866 1912 Decembri
887 1841 984 1910 tuna
1002 1834 1122 1935 eclipsis
1136 1835 1325 1934 contigir‚d
1345 1843 1391 1910 D·
1415 1841 1461 1911 D.
1471 1834 1608 1912 calori&
1651 1870 1653 1879 ·

289 1933 328 2004 de
340 1934 371 2006 la
388 1939 469 2008 Hire
480 1936 543 2011 fuit
558 1932 732 2008 observata.
760 1942 835 2009 Pars
849 1939 946 2006 Lunae
959 1929 1123 2005 obscurata
1140 1938 1275 2003 omnino
1286 1933 1420 2005 excolor
1435 1957 1499 2007 erat
1511 1989 1521 2023 ,
1534 1939 1611 2007 itaut

290 2029 411 2100 acreio
429 2028 623 2103 circumfuso
635 2027 753 2102 secerni
767 2034 820 2099 vix
836 2028 946 2129 pollet.

335 2131 453 2199 Vlll.
485 2131 552 2197 Hic
586 2151 685 2196 annus
710 2151 876 2196 novarum
898 2123 1118 2194 machinarum
1144 2146 1303 2219 proventu
1326 2122 1403 2195 felix
1432 2123 1522 2215 furit,
1548 2147 1609 2218 quas

167 2281 170 2287 .
288 2242 360 2289 tum
377 2219 584 2306 Academici,
608 2244 678 2291 tum
700 2225 798 2291 exteri
823 2210 1032 2318 proposuere,
1050 2241 1148 2311 atque
1161 2243 1270 2289 earum
1286 2224 1357 2318 typi
1378 2220 1421 2291 ali
1448 2246 1487 2293 ua
1504 2244 1537 2290 ex
1554 2245 1609 2318 pat·

290 2336 325 2384 te
336 2319 370 2383 iri
389 2312 623 2386 Observatorio
643 2311 847 2387 asservantur.
871 2310 1010 2410 insignes
1024 2337 1086 2410 prae
1104 2317 1222 2383 caeteris
1240 2315 1386 2384 videntur
1405 2247 1469 2386 ilie
1489 2318 1548 2385 dua
1559 2340 1608 2385 ma-

291 2409 393 2479 china
409 2435 487 2504 quas
507 2413 540 2480 io
555 2413 715 2507 principio
736 2407 828 2501 hujus
849 2412 925 2480 anni
945 2405 1111 2505 proposuit
1139 2414 1184 2479 D.
1206 2408 1375 2492 Perrault,
1400 2417 1435 2482 δι
1456 2408 1544 2482 fufius
1559 2404 1607 2477 des·

291 2503 398 2602 ctiplit
419 2507 470 2573 die
494 2535 535 2579 20
555 2502 685 2602 Aprilis.
712 2510 775 2576 Ha
784 2509 907 2603 magnis
920 2501 1111 2590 ponderibus
1122 2501 1302 2574 attollendis
1322 2501 1510 2594 inserviunt,
1530 2501 1607 2601 qood-

294 2626 358 2697 que
376 2607 409 2672 in
423 2600 578 2672 machinis
594 2596 777 2694 compositis
796 2597 973 2698 plutimtlm
986 2620 1103 2684 nocet,
1125 2600 1248 2667 attritus
1261 2620 1379 2695 nempe
1391 2604 1563 2698 partimin
1573 2601 1608 2672 liis

317 2722 374 2769 ene
397 2702 502 2767 omnis
518 2697 616 2768 abest.
652 2699 743 2767 Nam
770 2698 803 2763 in
825 2689 1066 2790 simplicioribus
1092 2688 1281 2789 quibusdam
1306 2698 1465 2789 organis,
1485 2722 1536 2768 aut
1555 2697 1608 2768 aul.

292 2721 341 2863 ius
354 2794 398 2861 est
417 2847 428 2876 ,
447 2812 502 2860 aut
518 2792 688 2875 modicus,
714 2811 751 2858 ut
774 2789 808 2856 in
823 2784 1090 2884 simplicisvcdiis
1104 2785 1158 2857 usu
1176 2786 1278 2880 qualis
1301 2791 1335 2856 in
1360 2787 1486 2862 balance
1506 2790 1610 2887 usurpa-

292 2907 346 2959 tur
359 2943 370 2972 ,
384 2908 440 2956 aut
459 2890 492 2955 in
512 2882 629 2983 scytale
645 2883 696 2956 vel
711 2881 847 2982 palanga
862 2908 895 2952 v.
908 2882 1084 2969 oratoru,
1105 2907 1170 2978 qua
1186 2885 1232 2950 uti
1243 2877 1345 2953 solent
1367 2886 1401 2952 in
1414 2886 1558 2957 volvendis
1570 2884 1586 2954 s
1596 2933 1611 2949 .

291 3004 349 3080 per
364 2981 494 3078 planum
518 2980 721 3051 horizonrale
740 3000 794 3048 aut
809 2975 972 3074 paululum
986 2976 1174 3047 inclinatum
1188 2973 1397 3072 corporibus:
1418 2984 1480 3051 no'n
1490 2985 1566 3052 eninr
1581 2979 1612 3052 td

292 3076 371 3147 alios
384 3074 453 3146 usus
465 3075 632 3147 adhibetur
654 3112 664 3167 3
686 3074 736 3146 sed
748 3074 882 3142 modum
897 3077 1018 3143 invenit
1039 3076 1083 3142 D.
1103 3070 1244 3143 Perrault
1265 3125 1275 3156 ,
1299 3075 1369 3167 qud
1389 3071 1467 3144 illud
1483 3099 1614 3174 organum

294 3175 363 3242 vim
376 3167 464 3241 suam
475 3195 583 3243 exerat
594 3176 673 3240 citra
686 3168 785 3239 ullam
797 3167 862 3237 sere
897 3165 1089 3256 reslionem,
1110 3167 1161 3238 vel
1188 3169 1325 3263 partium
1348 3163 1511 3240 affridium
1534 3196 1615 3242 :narn

292 3265 457 3363 aequabilis
467 3263 630 3360 utriusque
642 3287 749 3334 motus
762 3264 807 3332 est
822 3267 856 3332 in
873 3193 921 3332 bis
937 3261 1090 3334 machinis
1105 3287 1184 3358 quas
1200 3257 1336 3330 dilucide
1351 3260 1517 3361 exposuit,
1537 3275 1567 3341 6ι
1586 3263 1617 3336 fi·

295 3367 382 3462 guris
397 3357 611 3432 adumbravit.

340 3459 430 3528 Idem
445 3455 571 3527 alterius
593 3453 747 3524 machina
759 3476 825 3523 non
843 3449 991 3524 tollendis
1008 3452 1179 3539 oneribus,
1196 3450 1246 3522 sed
1273 3453 1417 3523 ineundis
1438 3453 1562 3530 calculis
1577 3479 1622 3526 at·

294 3552 535 3628 commodatam
555 3553 761 3647 excogitavit.
793 3555 873 3620 Eam
903 3543 1003 3618 abaci
1031 3547 1245 3644 Rabdologici
1263 3554 1394 3619 nomine
1420 3573 1438 3617 a
1464 3550 1620 3646 pellatam,

295 3646 456 3720 verbis&
484 3642 593 3744 figuris
618 3644 694 3745 apte
715 3641 887 3747 expressam
914 3641 1027 3731 dedit,
1057 3666 1127 3739 quae
1153 3644 1403 3714 Commentariis
1469 3649 1497 3717 it
1520 3642 1623 3746 config-

300 3768 387 3817 nata.
1325 3781 1329 3785 -

346 3844 407 3920 IX,
434 3841 498 3910 Die
515 3837 634 3925 4Maii
653 3839 697 3906 D.
722 3834 811 3908 dela
834 3831 940 3904 broile
963 3833 1113 3929 quasdam
1133 3831 1295 3931 proposuit
1321 3833 1486 3908 machinas
1505 3838 1527 3912 d
1543 3834 1571 3912 sc
1587 3861 1623 3910 to

297 3926 1624 4130 {lille}llllfl¹333¹¹¹30lllllrf'bllsslllbrsslsslllllblffisstffi

299 4147 373 4193 tum
386 4123 605 4192 machinarum
620 4120 690 4279 tylpi
709 4123 742 4188 in
758 4121 831 4189 loco
849 4119 1000 4212 praedislo
1015 4120 1141 4189 fuerunt
1156 4113 1294 4214 repofiti.

348 4221 394 4289 X.
421 4217 543 4286 Eodem
570 4234 676 4280 mene
699 4219 742 4285 D.
773 4214 933 4284 Roliillon
956 4210 1190 4283 barreducensts
1206 4211 1365 4284 machinas
1382 4212 1554 4293 linearibus
1571 4214 1625 4291 dtl'·

300 4308 509 4479 criptionibus
519 4305 721 4416 adumbratas
733 4304 906 4407 proposuit·
941 4312 1047 4380 Prima
1064 4332 1101 4378 ex
1124 4310 1161 4376 iis
1180 4329 1271 4416 aqirae
1297 4303 1416 4380 sursum
1432 4311 1628 4385 tollendebt-

301 4434 341 4526 ne
360 4412 418 4521 'cio
438 4399 548 4476 inclusi
563 4407 641 4473 airis
653 4405 688 4472 in
712 4403 837 4502 aliquot
853 4401 938 4478 vasis
958 4404 1138 4490 desimam,
1162 4398 1298 4474 difficilis
1320 4408 1353 4519 in
1372 4412 1561 4485 executione
1578 4407 1628 4484 sut

301 4505 501 4669 ,ndbcdctriirda
515 4619 634 4694 magno
648 4592 716 4666 usui
732 4590 792 4668 effe
806 4592 907 4694 potest
921 4597 955 4664 in
979 4590 1083 4705 salinis
1105 4619 1114 4665 ι
1138 4617 1214 4666 nam
1237 4617 1322 4691 aqua
1342 4593 1419 4670 salsa
1441 4606 1512 4690 ejus
1539 4598 1630 4699 opel

302 4694 404 4791 puteis
420 4694 532 4793 purior
554 4689 758 4782 extrahetur,
787 4689 890 4790 quam
912 4713 969 4791 pet
989 4687 1113 4762 nothas
1135 4746 1148 4782 ,
1170 4695 1218 4764 uti
1245 4688 1313 4764 lieri
1335 4689 1448 4797 solet:
1480 4719 1552 4795 qua
1566 4710 1630 4766 ιιιι

1573 4784 1630 4886 plu
