3646 5430
333 372 679 452 sennem
720 376 1060 457 HISTORIA.
1096 386 1169 457 lm.
1187 389 1220 460 1.
1358 403 1417 479 r29

91 536 94 541 .
119 477 208 551 xm.
236 471 406 546 Postremo
420 497 459 544 ex
473 475 714 573 quadrupedum
730 499 845 574 genere
853 499 965 549 cervus
976 479 1180 568 Canadensrs,
1195 491 1230 555 dr
1244 503 1336 553 cerva
1346 490 1418 556 Sar·
1436 475 1521 566 His·

85 565 288 645 dniaedilseffi
307 565 380 640 sunt
398 577 432 643 dr
450 566 621 667 descripti:
645 595 746 642 cornu
763 577 929 644 cervinum
954 569 1005 650 sex
1025 581 1119 647 ramis
1134 577 1317 648 distinuum
1340 603 1416 650 erat.
1435 573 1550 645 Anim.

81 672 186 762 Maiori
200 667 307 738 studio
324 663 410 734 illius
427 687 538 736 natura
558 665 621 737 fuit
638 663 826 754 obseruata,
856 664 1027 766 praesertim
1050 677 1098 740 ori
1123 699 1144 743 ο
1167 681 1234 762 ejus
1256 681 1290 745 dr
1315 679 1421 746 nutri·

78 769 125 839 tio.
147 760 234 837 Pelle
247 761 425 831 vestiuntur
445 781 565 832 cornua
576 758 655 833 valia
670 757 847 860 sanguineis
858 698 1121 863 intuconspers
1139 768 1246 838 :unde
1266 776 1419 840 &cornu

73 857 233 931 sibilantia
253 855 400 954 plurimis
415 852 508 926 sulcis
523 855 591 928 ferd
609 880 645 928 ur
671 880 743 956 pars
765 861 900 931 interior
925 865 1024 930 cranii
1048 859 1237 932 humaniest
1256 886 1418 939 excavata.

71 957 185 1054 Magna
215 947 381 1048 sanguinis
403 953 497 1048 copia
528 951 611 1049 pelle
635 953 776 1025 detracta
799 953 933 1026 effluxit.
970 956 1058 1026 Cum
1082 952 1181 1028 solida
1203 955 1263 1030 finr
1290 963 1418 1030 cervina

69 1074 182 1123 cornua
202 1104 214 1137 ‚
234 1045 298 1119 alia
321 1043 416 1144 plane
435 1050 559 1117 rarione
576 1053 723 1119 oriuntur
743 1049 924 1121 &aluntur
946 1106 957 1137 ,
980 1074 1079 1145 quam
1097 1076 1171 1148 ,quae
1187 1077 1264 1123 cava
1289 1049 1361 1123 sunt
1383 1057 1417 1125 in

64 1141 224 1246 plerisque
246 1139 472 1215 animantibus.
495 1145 586 1214 Nam
610 1138 667 1214 ossi
683 1141 799 1214 frontis
811 1144 927 1217 nullius
941 1150 986 1215 rei
1000 1147 1168 1241 interjeUu
1182 1146 1417 1235 adhaerescunt,

65 1241 155 1339 qood
186 1239 289 1309 multo
306 1239 409 1400 mazia
429 1233 637 1334 spongiosum
659 1240 704 1309 est
723 1248 757 1311 dr
780 1264 887 1311 rarum
908 1240 1011 1335 qulam
1027 1245 1061 1310 in
1079 1241 1149 1315 aliis
1172 1241 1284 1318 bruris.
1324 1244 1416 1313 cava

88 1362 139 1407 uae
158 1330 254 1420 sunt,
273 1357 308 1405 ur
319 1336 354 1402 in
395 1331 501 1418 obus,
519 1331 577 1404 offi
598 1331 713 1407 frontis
725 1358 792 1405 non
805 1339 850 1405 ira
863 1334 1032 1406 coherent.
1070 1339 1132 1407 Sed
1153 1342 1240 1408 iniis
1263 1365 1298 1410 os
1313 1340 1418 1433 quod-

63 1364 144 1502 Uam
157 1429 300 1500 frontalis
311 1428 494 1527 appendicis
507 1429 601 1498 instar
617 1454 718 1500 cornu
732 1434 903 1501 cavitatem
915 1427 998 1500 subit
1018 1436 1195 1528 perieranio
1209 1437 1331 1504 testum
1347 1490 1356 1518 ,
1382 1443 1416 1505 δι

65 1527 161 1622 hujus
186 1523 379 1596 membrana
404 1527 588 1620 communis
615 1523 803 1621 interpositu
822 1530 933 1595 cranio
955 1524 1012 1622 ipsr
1024 1525 1260 1623 agglutinatum
1289 1531 1416 1622 :idque

65 1619 193 1694 exessus
214 1623 505 1718 perieraniiortum
530 1627 564 1689 &
588 1624 822 1690 incrementum
841 1624 938 1717 capit.
975 1624 1065 1693 Nam
1087 1647 1104 1690 a
1130 1624 1242 1720 pendix
1263 1624 1317 1694 illa
1343 1622 1416 1695 offis

64 1717 178 1791 frontis
200 1715 294 1786 velut
314 1713 414 1784 crusta
433 1716 572 1811 quadam
585 1717 745 1784 inducitur
767 1770 778 1800 ,
799 1738 835 1786 ut
847 1712 886 1785 sir
905 1714 1073 1788 verifimile
1085 1647 1175 1788 illam
1190 1741 1227 1787 ex
1240 1716 1415 1790 substantia

63 1808 227 1907 cujusdam
250 1807 331 1882 uasrs
352 1813 518 1908 perieranii
540 1807 695 1881 conclusae
715 1809 918 1881 exsudatione
931 1808 1158 1899 concrescere,
1185 1838 1255 1908 quae
1270 1838 1344 1884 cum
1364 1819 1417 1884 in-

62 1909 197 1982 durescit
217 1963 228 1994 ,
246 1907 328 2005 pend
343 1928 379 1975 ut
391 1909 425 1974 in
439 1904 622 2003 unguibus,
638 1904 701 1975 alia
713 1897 844 1976 subinde
863 1904 952 1976 velut
971 1908 1072 1977 crusta
1095 1912 1179 1978 inter
1205 1913 1417 2006 perieranium

64 2012 92 2076 dr
113 2011 261 2098 priorem
275 2002 411 2073 crustam
425 1996 611 2089 succrescit,
628 2024 699 2095 quae
720 2002 816 2071 instar
841 1999 973 2098 glutinis
991 2001 1130 2073 adheret
1153 2058 1164 2088 ,
1194 2027 1330 2099 eamque
1356 2029 1418 2074 an·

65 2097 201 2173 norsum
232 2095 322 2195 pellit
344 2153 357 2184 ,
387 2119 487 2191 arque
512 2099 557 2167 ita
578 2097 724 2195 deinceps
744 2096 812 2166 aliae
835 2097 902 2168 aliis
923 2093 1106 2168 accrescunt
1127 2096 1194 2170 fere
1221 2121 1258 2168 ut
1280 2099 1417 2171 cochlea

64 2200 93 2266 iu
106 2191 302 2278 limacibus,
315 2215 370 2264 aur
388 2192 518 2261 concha
532 2195 566 2260 in
583 2193 692 2263 ostreis
714 2247 726 2279 ,
748 2216 786 2262 ex
805 2189 947 2289 pluribus
968 2194 1086 2287 nempe}
1104 2191 1237 2266 lamellis
1254 2217 1309 2265 aur
1329 2194 1417 2266 foliis

65 2288 262 2391 compofirae.
304 2289 403 2362 Unde
419 2294 453 2358 δι
467 2311 545 2358 cava
559 2311 680 2357 cornua
699 2285 888 2385 plerumque
909 2292 995 2384 rugis
1018 2284 1091 2358 sunt
1112 2283 1264 2386 aspera&
1277 2289 1370 2362 facile
1383 2295 1418 2361 in

64 2385 142 2458 folia
166 2385 365 2459 dividuntur.

120 2481 237 2552 Solida
253 2505 323 2574 qua
338 2477 411 2552 suut
426 2504 546 2550 cornua
564 2503 603 2550 ex
617 2478 781 2579 superficie
796 2481 953 2549 exteriore
980 2474 1108 2548 aluntur
1134 2483 1167 2548 δι
1183 2475 1326 2548 crescunt
1340 2535 1351 2565 ,
1365 2502 1418 2551 at-

88 2601 128 2647 ue
140 2601 182 2647 ex
196 2571 364 2646 substantia
378 2579 480 2672 magis
496 2597 620 2646 terrena
637 2575 782 2645 constant
807 2598 905 2670 quarn
929 2598 1006 2643 cava
1026 2595 1097 2667 quae
1118 2574 1136 2645 ὲ
1159 2576 1289 2642 materia
1311 2597 1417 2668 aquo·

66 2603 148 2741 lore
161 2669 355 2743 formantur.
375 2676 465 2744 Nam
477 2674 560 2767 ignis
578 2669 684 2742 calore
706 2669 773 2740 baec
788 2667 870 2740 fiunt
894 2667 1048 2738 molliora
1071 2693 1079 2736 :
1100 2690 1269 2738 ceruorum
1298 2693 1419 2739 cornua

65 2769 105 2837 de
129 2764 394 2852 offium,imodr
416 2768 455 2836 de
467 2764 610 2862 lapidum
621 2788 733 2837 natura
751 2763 892 2837 multum
902 2763 1055 2836 referunt.
1082 2761 1235 2836 Unde&
1259 2766 1292 2834 in
1310 2772 1419 2856 majo-

66 2886 96 2932 re
109 2860 201 2932 oculi
219 2860 341 2958 angulo
353 2861 509 2957 lapideam
535 2859 738 2932 substantiam
765 2884 835 2956 quae
852 2859 1018 2954 lachryma
1035 2864 1121 2927 cervi
1137 2858 1311 2956 appellatur
1327 2913 1338 2944 ,
1357 2855 1417 2929 ossi

65 2954 240 3028 accrescere
252 2956 353 3054 vulgo
362 2957 509 3028 asserunt.
526 2959 576 3028 Os
618 2956 723 3026 uidem
740 2959 774 3026 in
789 2955 893 3026 cordis
906 2951 984 3024 basis
1002 2947 1208 3051 conspicuum
1227 2953 1304 3023 illud
1314 2952 1418 3050 ipsum

65 3049 234 3124 coufirmat
247 3109 259 3140 ,
272 3051 336 3123 hoc
347 3051 467 3125 animal
478 3047 574 3121 succo
586 2981 744 3123 abundare
760 3055 818 3147 qui
837 3053 872 3120 in
893 3047 1010 3121 osseam
1036 3056 1070 3121 δι
1097 3045 1185 3147 quafi
1203 3053 1237 3120 in
1258 3047 1416 3147 lapideam

64 3144 268 3220 substantiam
281 3142 577 3219 facileconcrescir.
828 3153 831 3158 “

103 3242 253 3339 Reliqua
272 3248 473 3316 omittimus:
487 3241 713 3314 Intestinorum
722 3242 889 3314 volumina
902 3253 946 3334 96
959 3241 1089 3342 pedibus
1100 3242 1199 3340 longa
1212 3267 1314 3320 erant.
1333 3251 1416 3317 Hac

63 3342 170 3433 utique
188 3359 280 3410 tanta
302 3339 470 3437 longitudo
489 3341 523 3405 in
543 3333 644 3407 bruris
683 3364 730 3408 uae
756 3363 794 3407 ex
817 3337 922 3409 herbis
948 3343 1061 3408 vivunt
1084 3397 1094 3426 ,
1115 3331 1186 3408 satis
1205 3340 1340 3436 vulgaris
1356 3343 1414 3427 est,

61 3456 121 3506 non
137 3437 224 3504 item
250 3438 286 3504 in
312 3439 349 3506 iis
367 3457 438 3531 quae
464 3430 607 3503 carnibus
624 3364 918 3528 vescuntur,quod
940 3431 1002 3502 illis
1022 3433 1126 3505 herbar
1152 3437 1312 3502 minorem
1331 3431 1417 3505 succi
1536 3440 1538 3444 ’

57 3527 246 3598 alimentitii
266 3555 309 3600 co
331 3534 396 3601 iarn
417 3523 616 3626 suppeditent
642 3583 653 3614 ,
676 3522 796 3596 necesse
813 3532 894 3596 adeo
922 3523 1019 3597 fuerit
1042 3549 1078 3596 ut
1097 3524 1212 3618 amplis
1234 3529 1418 3602 ventriculis

60 3632 219 3710 uujorem
248 3556 422 3695 herbarum
439 3625 624 3716 congeriem
654 3624 855 3690 continerent
879 3674 890 3705 ,
914 3619 1087 3691 &diutius
1112 3626 1145 3688 in
1170 3617 1241 3714 ipsss
1264 3622 1417 3695 intestinis

61 3716 175 3785 caloris
184 3718 342 3790 naturalis
359 3724 391 3789 vi
404 3736 629 3815 coquerentur.
651 3716 748 3789 Unde
762 3718 796 3784 in
814 3736 914 3787 cervo
929 3735 966 3784 ut
982 3717 1016 3784 in
1026 3711 1257 3786 ruminantibus
1272 3709 1313 3786 sic
1326 3740 1417 3791 erant

61 3806 209 3906 dispositi
223 3815 406 3886 uentriculi.

76 3997 1413 4042 ...-.,.,,,.--..........-·

483 4147 825 4232 CAPUT¹
923 4149 1031 4230 IV.

289 4369 346 4436 De
380 4357 538 4476 Historia
567 4358 765 4438 aaaramica
786 4357 1018 4465 quarumdam
1038 4357 1174 4438 auium.

72 4570 94 4637 Ι.
104 4566 226 4736 DE
242 4567 487 4669 quadrupedum
497 4590 613 4667 genere
625 4566 788 4639 hactenus:
798 4565 930 4637 nunead
943 4564 1074 4638 volatile
1084 4560 1414 4657 teanseundum,quod

157 4740 160 4745 ,
200 4667 321 4753 majori
333 4662 489 4738 brevitate
502 4687 732 4763 percurremus.
744 4664 794 4733 Ac
804 4667 944 4761 primum
958 4669 1097 4732 occurrit
1108 4658 1283 4732 Aristotelis
1294 4660 1415 4742 Corax,

74 4758 244 4854 surtariis
259 4760 369 4862 placet
381 4815 394 4852 ,
407 4783 525 4843 corvus
540 4762 699 4854 marinus,
716 4784 750 4834 v.
766 4763 957 4856 Conmran,
971 4761 1027 4854 qui
1043 4757 1192 4855 frequens
1202 4753 1245 4888 eg
1270 4755 1303 4823 in
1320 4757 1417 4849 maria
