3646 5430
325 341 667 418 aelurum
704 344 1027 423 ntsroartt.
1068 345 1217 425 treus.
1385 374 1556 521 nrm

1457 568 1529 619 m

495 674 535 757 C
568 673 608 794 A
651 673 680 754 P
728 676 773 762 U
816 674 856 752 T
919 676 1006 764 ΙΙ.

521 878 971 990 DeRedusAslronomicis.

99 1098 129 1164 1.
145 1098 209 1265 E
223 1094 256 1162 X
279 1090 443 1168 occasione
457 1083 610 1186 eclipseos
623 1111 694 1187 quae
713 1085 865 1188 superiori
878 1116 964 1163 anno
976 1093 1054 1185 die5
1074 1090 1188 1162 Martii
1214 1098 1377 1193 contigit,
1404 1103 1456 1176 D.·

225 1186 347 1262 Caistni
359 1185 507 1287 expendit
526 1205 634 1256 utrum
648 1208 684 1275 ea
700 1208 772 1278 quar
787 1183 915 1285 abipso
935 1187 1124 1260 inventarii
1137 1185 1291 1285 regula&
1306 1197 1454 1289 periodus

98 1299 225 1358 116000
242 1301 552 1379 annorum,quaeque
564 1278 605 1350 ab
618 1280 732 1352 eodem
749 1281 812 1353 fuit
826 1280 983 1378 explicata
996 1285 1029 1350 in
1043 1280 1128 1351 calce
1138 1283 1317 1378 regularum
1341 1287 1455 1359 Astro-

97 1386 213 1453 nomia
226 1383 331 1468 indice
345 1404 424 1450 cum
443 1378 535 1472 hujus
547 1373 698 1474 eclipseos
716 1398 864 1475 tempore
876 1379 1084 1465 conveniret,
1099 1379 1124 1467 is
1141 1400 1219 1446 vero
1241 1378 1454 1473 plenilunium

100 1477 198 1546 indie
217 1505 227 1567 ς
243 1481 356 1548 Martii
373 1473 509 1545 incidere
530 1494 568 1540 ex
581 1494 617 1542 ea
636 1469 744 1568 regula
769 1477 939 1570 comperit.
973 1470 1124 1545 Periodus
1146 1468 1201 1540 illa
1222 1475 1386 1547 novilunia
1413 1479 1455 1552 ad

98 1573 208 1643 eadem
230 1573 363 1644 Zodiaci
376 1569 493 1669 pundla
504 1624 516 1657 ,
529 1566 717 1638 adeundem
735 1565 946 1640 hebdomadae
961 1568 1044 1639 diem
1059 1622 1070 1653 ,
1088 1572 1121 1637 dt
1133 1565 1248 1638 horam
1264 1565 1320 1645 sub
1339 1576 1455 1649 eodem

102 1668 285 1738 Meridiano
301 1686 561 1760 revocat,eaque
576 1664 704 1760 EpaCiis
727 1665 761 1734 in
776 1661 968 1755 Calendario
984 1664 1185 1759 Gregoriano
1205 1662 1301 1761 longe
1318 1662 1458 1739 faciliori

100 1759 256 1831 methodo
273 1758 455 1831 definiendis
466 1778 604 1856 aptatur.
627 1759 715 1829 Cum
731 1759 817 1828 enim
830 1781 893 1828 tres
908 1756 968 1830 fint
979 1760 1103 1827 anni-ex
1117 1779 1254 1853 quatuor
1265 1757 1459 1852 centennis,

110 1846 158 1925 'ui
178 1853 327 1926 Bilsextili
346 1857 397 1925 die
413 1876 540 1941 carent,
561 1875 658 1950 atque
687 1876 727 1922 ex
744 1876 857 1927 eorum
877 1876 1013 1924 numero
1030 1847 1128 1921 fuerit
1151 1850 1204 1920 hic
1224 1875 1324 1923 annus
1344 1879 1456 1945 1700,

101 1881 150 2116 1l).
167 1948 287 2024 caffint
308 1949 450 2051 regulam
464 1944 552 2022 suam
569 1947 609 2020 de
631 1948 759 2049 Epailis
784 1947 981 2022 inveniendis
1001 1946 1077 2022 huic
1097 1970 1184 2020 mmo
1202 1947 1365 2046 applicare
1391 1952 1460 2033 vo-,¹

63 2099 67 2105 .
116 2069 174 2117 uit.

153 2148 209 2214 11.
244 2143 405 2237 Superiori
421 2166 508 2214 anno
527 2146 726 2216 mentionem
748 2141 883 2216 fecimus
898 2141 1088 2214 defectionis
1117 2135 1228 2214 solaris
1249 2162 1320 2232 quse
1348 2140 1400 2212 die
1419 2165 1454 2230 ²3

103 2234 299 2335 Septembris
311 2242 458 2332 contigit.
501 2243 545 2310 Ι).
562 2235 685 2308 Callani
700 2242 719 2306 e*
732 2236 860 2308 diversis
879 2236 1060 2333 regionibus
1079 2244 1112 2309 δι
1134 2232 1315 2307 civitatibus
1337 2234 1459 2310 litteras

102 2334 227 2428 accepit
239 2384 249 2414 ,
261 2355 299 2400 ex
312 2327 429 2424 quibus
441 2328 677 2426 longitudinum
689 2328 882 2419 differentias
894 2333 1149 2401 Lutetiaminter
1161 2336 1195 2401 dt
1213 2352 1264 2398 cas
1282 2327 1375 2399 urbes
1385 2329 1464 2400 col·.

104 2421 193 2520 legit.
224 2432 262 2497 Et
277 2425 407 2520 quidem
421 2424 500 2494 olim
516 2419 646 2521 eclipses
659 2422 743 2495 Solis
757 2425 797 2496 ad
811 2449 886 2496 eum
905 2421 996 2495 usum
1010 2450 1078 2497 non
1100 2421 1170 2494 sunt
1185 2420 1352 2511 adhibitae,
1367 2422 1460 2519 qudd

104 2521 219 2590 eodem
240 2523 394 2617 temporis
412 2540 581 2589 momento
600 2512 647 2589 sol
666 2544 734 2591 non
747 2518 876 2591 deficiat
900 2517 1049 2591 omnibus
1068 2515 1297 2616 spediatoribus
1322 2575 1334 2606 ,
1362 2540 1399 2591 ut
1424 2525 1461 2591 in

106 2617 224 2685 Lunari
236 2611 341 2710 ecliph
354 2618 474 2688 evenit.
497 2617 586 2687 Nam
600 2615 691 2686 Luna
702 2611 802 2712 reipsa
815 2609 946 2702 deficit,
967 2639 1035 2684 non
1052 2619 1130 2686 item
1144 2609 1191 2683 sol
1206 2620 1259 2699 ,dc
1276 2611 1360 2683 illius
1376 2612 1463 2710 pha-

106 2706 150 2779 ses
173 2714 206 2779 in
229 2705 355 2779 diversis
370 2707 448 2778 locis
464 2711 599 2780 omnino
611 2704 683 2783 sunt
695 2705 842 2780 diversa:
860 2706 913 2780 sed
926 2707 1081 2780 methodo
1093 2706 1151 2805 ipsi
1168 2704 1337 2796 familiari,
1360 2733 1459 2804 quam

107 2829 182 2875 cum
202 2804 376 2877 Academia
397 2812 461 2896 jam
480 2803 522 2875 ab
534 2808 628 2874 initio
645 2809 920 2893 communicavit,
934 2808 980 2875 uti
993 2802 1077 2875 libro
1097 2807 1203 2898 primo
1218 2806 1400 2892 innuimus,
1424 2812 1460 2878 dc

106 2896 259 2995 superiori
274 2922 359 2969 anno
375 2897 473 2993 paulo
486 2896 668 2996 explicatius
692 2896 946 2996 frutetposrtum
968 2955 980 2987 ,
1007 2895 1246 2995 longitudinum
1269 2892 1464 2971 differentias

105 2996 203 3064 etiam
218 2992 320 3070 isolis
331 2989 497 3089 eclipfibus
507 2992 661 3065 deducere
672 2989 846 3066 consuevit.
877 2997 944 3066 Res
956 2994 997 3064 eo
1009 2993 1110 3078 redit,
1126 3014 1161 3064 ut
1175 3016 1213 3063 cs
1225 2989 1299 3065 solis
1310 2987 1461 3065 observa.

108 3083 222 3178 tione,
240 3111 338 3184 atque
357 3111 395 3160 ex
413 3087 578 3160 clementis
596 3087 828 3162 Astronomicis
842 3112 982 3184 peream
997 3089 1148 3161 conectis
1173 3087 1265 3161 locus
1281 3090 1315 3158 in
1332 3085 1463 3251 guoest

109 3207 255 3256 centrum
268 3187 367 3254 Lunae
385 3186 417 3251 in
436 3186 580 3257 Zodiaco
599 3181 775 3255 secundum
794 3181 1029 3278 longitudinem
1042 3192 1075 3255 δι
1094 3182 1293 3255 latitudinem
1313 3205 1331 3252 a
1366 3183 1461 3270 dms,

107 3276 158 3349 vel
172 3282 276 3379 plures
291 3277 385 3348 horas
399 3278 438 3347 ad
451 3278 595 3348 nostrum
605 3278 816 3347 meridianum
829 3282 873 3348 ita
881 3278 1109 3352 determinetur
1119 3331 1129 3363 ,
1140 3300 1177 3353 ut
1189 3302 1227 3348 ex
1242 3277 1318 3348 dato
1334 3273 1464 3352 aliturde

108 3376 206 3467 Lunae
219 3376 294 3444 loco
306 3369 399 3469 possit
411 3375 497 3447 horae
510 3377 671 3442 minutum
688 3392 761 3464 quo,
771 3373 861 3439 Luna
877 3369 976 3440 talem
987 3370 1098 3441 locum
1114 3367 1255 3458 obtinet,
1276 3372 1462 3448 iuveniriad

107 3471 250 3539 nostrum
267 3470 383 3564 paritet
403 3464 625 3538 meridianum.

161 3564 286 3635 Deinde
296 3582 334 3629 ut
350 3582 388 3633 ex
401 3557 523 3656 eclipsis
559 3555 623 3628 hafi
637 3554 714 3629 alibi
729 3554 893 3633 observata
910 3614 921 3645 ,
940 3556 1116 3656 iisdemque
1133 3557 1296 3631 elementis
1313 3560 1464 3635 correffu

107 3658 199 3729 locus
209 3659 308 3727 centri
326 3657 422 3727 Lunae
434 3658 466 3724 in
481 3584 625 3726 zodiaco
636 3651 677 3723 ad
698 3651 814 3726 boram
832 3652 877 3723 ibi
897 3650 1094 3725 observatam
1115 3657 1313 3726 inveniatur:
1329 3659 1355 3724 is
1375 3659 1464 3727 enim

107 3752 197 3825 locus
212 3755 309 3823 Lnnae
323 3775 378 3847 per
390 3754 529 3849 priorem
538 3750 835 3821 determinationem
850 3749 903 3823 dat
913 3748 999 3824 hora
1010 3753 1171 3823 minutum
1183 3749 1225 3819 ad
1233 3748 1377 3823 nostrum
1391 3773 1466 3821 me-

110 3848 267 3920 ridianum
283 3904 293 3933 ,
306 3847 345 3916 ad
357 3846 445 3941 quod
458 3846 547 3916 Luna
557 3843 654 3915 talem
666 3842 776 3915 locum
789 3842 925 3917 obtinet.
1036 3932 1041 3940 Ι
1142 3930 1146 3937 ¹

163 3948 241 4015 Hoc
261 3966 389 4038 ternpus
407 3934 562 4010 collatum
574 3964 650 4010 cum
666 3961 811 4036 tempore
821 3937 951 4034 phalisi
964 3933 1464 4029 remdtoobse'rvatoreannotate

108 4038 163 4112 'slat
178 4034 390 4111 differentiam
409 4034 663 4105 Meridianotum
676 4037 758 4103 inter
772 4035 838 4103 duo
850 4031 1110 4109 observationum
1119 4038 1202 4113 loca.

157 4133 209 4203 Ad
222 4131 313 4223 hujus
327 4129 472 4200 methodi
486 4125 692 4212 facilitatem,
709 4135 743 4197 &
780 4127 1015 4225 erspicuitatem
1043 4137 1089 4207 D.
1104 4120 1250 4208 Cafflnus
1266 4138 1364 4206 uritur
1377 4129 1467 4206 sebe.

113 4253 221 4316 mate,
235 4250 302 4321 quo
321 4248 404 4298 terta
417 4230 438 4296 a
452 4219 525 4294 solis
541 4224 632 4295 radiis
650 4152 860 4310 centrallbus,
876 4219 968 4296 &sol
985 4228 1007 4297 ai
1026 4230 1118 4300 radiis
1135 4226 1305 4302 visualibus
1317 4228 1465 4302 observa·

111 4331 191 4396 totis
205 4322 366 4393 addetum
380 4344 446 4392 tem
471 4342 505 4388 us
519 4322 685 4416 projicitur
704 4321 737 4387 in
753 4315 831 4390 orbe
841 4320 961 4407 Lunae,
983 4325 1016 4390 in
1036 4347 1104 4418 quo
1122 4316 1235 4397 semita
1251 4321 1344 4421 ipsius
1356 4324 1465 4399 motis

108 4420 264 4500 ¹menstrui
283 4419 377 4502 Lune
392 4416 432 4484 ad
445 4345 545 4488 lolem
558 4468 569 4499 ,
581 4421 616 4486 δι
630 4410 725 4512 ipfius
737 4410 890 4512 apparens
910 4412 1011 4509 discus
1031 4416 1235 4509 describitur,
1248 4429 1281 4493 dt
1295 4445 1464 4516 compara·

108 4536 166 4601 ,tur
185 4539 259 4595 cum
272 4507 347 4580 solis
366 4507 453 4580 disco
463 4530 638 4619 ppparente
648 4563 659 4592 ,
671 4513 728 4605 qui
743 4532 833 4579 motu
846 4510 962 4580 diurno
975 4511 1092 4582 lineam
1112 4514 1384 4610 repraesentantem
1403 4542 1465 4619 pa·

118 4610 263 4687 sallelum
278 4599 488 4676 observatoris
501 4607 535 4673 in
548 4599 625 4671 orbe
641 4606 738 4679 Lunae
750 4606 929 4700 [miccium
943 4605 1066 4678 videtur
1078 4606 1259 4685 describere.

108 4686 119 4802 ἱ
166 4708 240 4779 Hac
255 4699 410 4780 methodo
423 4697 500 4773 tales
514 4697 643 4772 aduxit
654 4694 846 4774 differentias
858 4688 1155 4778 Meridianorumai
1180 4702 1338 4781 Patisrenli
1358 4729 1396 4777 ex
1414 4686 1467 4781 illa
1584 4804 1587 4811 ι
