3646 5430
421 391 460 468 36
620 396 640 451 .“
739 366 939 447 REGIAE
999 361 1439 442 SCIENTIARUM

290 475 323 565 [A
335 500 357 546 ιι
368 490 406 548 u.
421 474 551 572 penduli
564 467 731 546 beneficio.
752 497 780 559 3.
806 469 840 536 Si
860 461 931 563 poli
945 460 1111 536 altitudine
1124 465 1266 560 cognita,
1278 459 1438 537 stellatum
1453 461 1631 538 altitudines
1645 471 1680 538 dc
1693 464 1770 540 azia

291 574 382 641 1666.
423 571 533 643 mutha
554 567 767 642 observentur.
800 622 805 635 .

291 667 326 732 dc
350 677 405 755 67.
472 669 539 736 Die
559 668 608 736 28.
631 656 818 730 Decembris
841 657 917 724 anni
941 663 1036 724 1666.
1063 655 1109 725 D.
1126 651 1256 723 Auzout
1272 653 1448 750 Epistulam
1465 651 1548 726 milit
1562 655 1602 724 ad
1626 659 1672 729 D.
1695 655 1765 729 Ol-

419 757 576 855 demburg
595 755 706 849 Regia
727 752 895 823 Societatis
916 747 1100 846 Anglicanae
1119 749 1361 834 secretarium,
1385 753 1419 819 in
1443 775 1507 848 qua
1528 750 1767 853 rationemgobc

420 847 577 925 servanda
588 851 735 919 diametri
746 845 898 939 cujusque
913 844 1050 1009 planeta
1063 863 1244 949 accuratam
1255 848 1407 1007 exponit,
1422 869 1527 941 quave
1540 841 1692 917 methodo
1706 871 1767 943 pa-

393 941 778 1033 ‚rallaxis,ac‚diliantia
800 942 897 1010 Lam
957 940 1267 1007 terrainventatut:
1302 936 1382 1008 rmul
1408 946 1442 1011 dr
1460 935 1690 1053 causamaffert
1707 966 1768 1011 cut

418 1040 632 1227 iiiiii?
639 1029 1769 1223 iallliiffiilliiiliii'tiillssit‘illiirini&

416 1231 516 1303 tionis
529 1233 623 1300 initio
635 1282 646 1314 ,
657 1231 745 1316 cujus
761 1220 905 1321 Epistola
912 1218 1121 1293 summarium
1133 1222 1166 1287 in
1182 1220 1298 1291 Diario
1309 1220 1771 1318 AnglicanomenlrsJanuarii

417 1326 495 1395 anni
512 1337 604 1410 t667.
623 1315 813 1414 exscriptum
826 1319 881 1393 cil.
1128 1335 1129 1338 ’

415 1461 419 1491 ;
466 1421 557 1488 inea
573 1417 704 1514 quidem
728 1411 866 1509 Epistola
883 1417 1022 1512 primum
1046 1411 1196 1484 admonet
1222 1409 1252 1484 sc
1273 1414 1339 1486 und
1364 1433 1439 1484 curn
1467 1414 1514 1484 D.
1543 1413 1655 1484 Picard
1675 1420 1710 1482 in
1736 1413 1772 1484 id

347 1568 370 1579 ..
414 1511 596 1597 ittcubuiffe
628 1533 664 1581 ut
688 1508 821 1585 Solis&
850 1510 947 1582 Lam
962 1510 1134 1581 diametros
1156 1515 1375 1592 accuratiore,
1399 1506 1501 1600 quim
1526 1531 1596 1601 quae
1616 1507 1775 1580 haetenus

414 1605 561 1681 adhibita
575 1608 671 1679 fucrit
697 1659 708 1690 ,
732 1599 911 1690 methodo,
933 1595 1147 1684 observarent,
1180 1604 1321 1694 Qando
1347 1601 1453 1673 uidem
1469 1601 1615 1670 diametri
1637 1603 1677 1671 ad
1702 1607 1775 1673 mi·

415 1722 496 1771 nuta
511 1698 552 1779 us
571 1727 609 1774 ue
631 1696 765 1771 secunda
793 1697 1009 1784 dividuntur,
1031 1701 1064 1765 δι
1092 1690 1262 1792 longitudo
1284 1630 1370 1794 pedis
1393 1699 1427 1762 in
1464 1719 1565 1786 3000.
1596 1718 1700 1792 partes
1724 1701 1772 1770 ita

416 1791 460 1865 ab
482 1802 520 1867 iis
544 1731 688 1881 pecatur,
715 1812 751 1861 ut
773 1796 827 1860 vix
841 1796 934 1860 unius
949 1793 1047 1886 partis
1067 1809 1156 1858 error
1179 1789 1275 1887 polltt
1299 1790 1475 1887 obrepere,
1499 1817 1538 1860 ac
1559 1814 1638 1885 pene
1655 1792 1687 1858 id
1708 1818 1771 1885 pro

415 1910 508 1969 certo
520 1891 674 1965 habearut
690 1908 756 1956 non
773 1883 910 1981 amplius
924 1912 951 1968 ι.
964 1879 1015 1952 vel
1035 1907 1071 1965 4,
1084 1877 1225 1954 secundis
1246 1890 1279 1956 in
1302 1885 1493 1956 dimetienda
1518 1885 1601 1955 Solis
1619 1907 1675 1954 aut
1702 1889 1769 1957 Lu.

413 2006 467 2059 uae
481 1986 638 2057 diametro
652 1981 800 2052 abertari·
828 1984 995 2050 Diameter
1007 1977 1092 2046 Solis
1102 1977 1135 2044 in
1152 1980 1299 2075 Apogaeo
1310 2003 1375 2048 non
1385 1981 1492 2049 minor
1505 2007 1547 2071 3¹·
1569 2004 1616 2051 m.
1631 1988 1664 2053 δι
1675 2005 1727 2067 37.
1743 1979 1768 2059 s.

416 2079 548 2150 inventa
559 2079 624 2164 est,
641 2080 718 2148 &in
729 2076 871 2169 Perigaeo
885 2096 951 2141 non
964 2070 1101 2167 amplior
1111 2068 1176 2142 visa
1186 2074 1230 2143 est
1242 2076 1343 2170 quim
1354 2101 1401 2164 3²·
1422 2078 1468 2147 ni.
1481 2107 1533 2169 45.
1549 2073 1571 2145 s.
1589 2076 1686 2147 Lunae
1701 2080 1769 2149 dia-

412 2192 522 2337 pnctet
534 2195 702 2269 nunquam
710 2164 779 2245 fere
794 2171 901 2246 minor
913 2185 965 2258 ²9»
978 2188 1024 2237 m·
1037 2192 1100 2262 40·
1111 2160 1135 2246 s.
1148 2191 1209 2246 uec
1223 2179 1328 2263 major
1342 2190 1387 2262 33¹,
1406 2195 1452 2245 m.
1473 2168 1529 2244 nist
1543 2169 1669 2264 aliquot
1687 2177 1768 2246 min.

432 2270 572 2340 ecundis.
1051 2320 1061 2330 .

411 2412 416 2433 ι
468 2368 506 2432 ln
519 2365 581 2436 alia
595 2388 666 2462 quae
680 2365 786 2461 paucis
802 2362 872 2458 post
896 2359 1004 2434 diebus
1018 2355 1131 2458 scripta
1143 2362 1187 2430 eit
1204 2359 1244 2434 ad
1269 2361 1404 2431 eundem
1424 2362 1590 2460 Epistola,
1616 2359 1768 2437 observa·

413 2460 550 2529 tionis&
571 2466 616 2531 D.
642 2457 782 2531 Hevelio
800 2455 892 2526 facta
911 2461 944 2526 in
960 2456 1117 2551 postrema
1133 2456 1215 2526 Solis
1234 2455 1348 2553 Eclipst
1359 2459 1494 2526 eandem
1511 2455 1636 2528 causam
1648 2457 1768 2550 affert,

324 2675 325 2678 κ
417 2545 1767 2747 ilii-..iiilllgiaif{lilii‘ilfi'l'aliiliflliniiiiii?

411 2763 457 2816 ¹ac
495 2743 604 2815 roinde
622 2745 730 2809 minor
749 2735 815 2807 visa
832 2736 907 2808 ellet
925 2746 992 2830 ejus
1002 2736 1168 2811 diameter.

411 2900 442 3000 ,Ι
464 2767 641 2929 iltriusque
654 2833 747 2914 hujus
759 2827 867 2928 scripti
885 2827 1052 2902 occasione
1072 2837 1277 2908 Mitrometri
1301 2842 1459 2931 originem
1480 2843 1513 2906 δι
1538 2834 1627 2906 usum
1650 2838 1771 2913 deseri.

433 2951 458 2998 ιι
478 2930 525 2999 D.
545 2931 584 2996 de
604 2930 634 2998 la
664 2933 771 3011 Hire,
795 2931 828 2996 in
852 2950 1013 3022 coopere
1039 2931 1127 3023 quod
1151 2953 1237 3001 anno
1257 2949 1347 3024 1693.
1363 2936 1467 3028 Typis
1488 2936 1518 3003 R
1561 2936 1596 3000 iis
1616 2935 1769 3010 excusum

416 3023 490 3109 est,
511 3024 552 3093 de
576 3028 671 3093 trariis
684 3017 841 3120 opusculis
866 3047 937 3118 qua
960 3023 1143 3092 Academici
1164 3025 1290 3105 diversis
1317 3050 1382 3096 tem
1407 3027 1514 3098 oribus
1532 3028 1768 3107 eucubrarunt.

420 3115 504 3187 lllud
518 3119 673 3189 memorii
699 3118 888 3215 posteritatis
908 3117 1042 3211 dignum
1059 3123 1251 3208 annotavit,
1275 3123 1359 3193 hanc
1373 3053 1558 3192 dimetiendi
1570 3121 1769 3219 planetarum

417 3211 592 3284 diametros
604 3219 762 3288 rationem
803 3236 836 3279 er
852 3210 1021 3281 reticulum
1041 3217 1074 3281 in
1092 3212 1167 3282 loco
1191 3213 1260 3285 tubi
1282 3215 1486 3315 appositum,
1513 3226 1579 3307 jam
1600 3242 1692 3290 antea
1710 3246 1769 3291 et-

419 3312 596 3402 cogitatam
614 3292 715 3380 fuisti.
737 3239 802 3375 Sel
823 3308 854 3377 id
875 3303 969 3378 habet
991 3309 1213 3394 incommodi,
1228 3315 1316 3405 'quod
1334 3313 1486 3407 quadrata
1507 3317 1588 3383 inter
1602 3312 1656 3382 fila
1676 3341 1769 3385 com·

416 3400 589 3495 prehensa,
605 3426 740 3499 quaque
754 3399 877 3498 angulis
894 3401 1079 3470 dimetiendi
1102 3397 1273 3478 inserviunt
1293 3463 1302 3492 ,
1325 3432 1391 3476 non
1405 3408 1485 3476 adeo
1498 3407 1590 3478 exilia
1609 3405 1676 3479 fieti
1692 3407 1769 3506 pos.

410 3492 504 3589 sint,
523 3521 558 3568 ut
581 3502 734 3596 imagines
757 3520 931 3593 corporum
953 3499 1035 3565 inter
1055 3495 1182 3590 aliquot
1203 3495 1255 3569 fila
1274 3502 1421 3572 accurati·
1442 3499 1500 3574 fint
1522 3502 1768 3599 comprehensa.

411 3590 518 3677 Unde
533 3595 621 3689 quod
635 3597 772 3664 excurrit
784 3617 822 3662 ex
840 3615 888 3687 gr·
907 3613 980 3687 pars
990 3594 1134 3689 corporis
1149 3598 1240 3665 tertia
1255 3595 1305 3670 vel
1320 3618 1458 3692 quarta,
1478 3599 1598 3690 judicio
1608 3601 1768 3692 ,quodam

411 3687 467 3754 -vis
482 3691 547 3758 ima
574 3692 711 3757 'natricis
729 3689 910 3760 aestimatur.
1503 3763 1506 3769 ,

467 3713 580 3874 Qud¹
587 3785 698 3873 itaque
711 3779 963 3850 deeratteticulo
978 3804 1036 3866 ,ut
1054 3807 1159 3853 tetum
1181 3786 1379 3880 obtectamm
1400 3792 1551 3886 imagines
1572 3783 1635 3860 sem
1679 3814 1694 3858 t
1715 3797 1771 3863 in-

413 3893 468 3951 ,ter
480 3874 544 3941 duo
559 3871 610 3941 fila
627 3867 724 3941 serica
736 3896 790 3942 aut
802 3873 882 3940 duos
897 3874 1046 3970 capillos,
1063 3876 1115 3947 vel
1138 3877 1279 3953 lamellas
1304 3904 1379 3953 totae
1394 3881 1491 3952 client
1507 3812 1767 3977 comprelinsae,

418 3977 454 4039 dc
475 3963 604 4035 filorum
618 3967 766 4036 distantia
784 3990 850 4037 tam
862 3969 1012 4039 minutim
1025 3970 1130 4042 forent
1143 3974 1263 4062 divisae,
1285 4001 1319 4047 ιιι
1332 3980 1371 4047 ad
1384 3974 1518 4047 secunda
1531 3976 1628 4073 usque
1643 3984 1768 4052 minuta

411 4056 589 4160 ,perspedla
607 4057 666 4136 elle
680 4061 827 4157 pollent,
849 4059 965 4147 illudi
991 4069 1037 4146 D.
1065 4071 1109 4143 D.
1134 4073 1263 4143 Auzout
1289 4081 1321 4143 &
1345 4072 1455 4144 Picard
1477 4073 1584 4169 postea
1603 4073 1767 4171 expletum

412 4157 495 4242 fuit.
678 4166 681 4171 ’
898 4178 901 4183 ·

416 4307 423 4318 .
468 4252 527 4322 Ille
540 4251 723 4327 machinula
742 4256 813 4329 usus
830 4256 874 4328 est
893 4282 963 4355 qua
975 4286 1079 4359 parva
1095 4261 1232 4336 cochlea
1244 4290 1307 4364 ope
1328 4265 1460 4364 capillos
1480 4292 1536 4341 aut
1556 4265 1696 4339 lamellas
1724 4263 1768 4336 fic

419 4371 592 4443 promovet
606 4374 640 4419 ιιι
655 4347 899 4445 parallelismum
923 4381 999 4429 cum
1016 4359 1084 4431 aliis
1103 4358 1175 4430 fixis
1202 4359 1328 4432 servent
1355 4417 1366 4449 ,
1392 4385 1491 4458 atque
1507 4370 1551 4435 ita
1573 4375 1678 4433 retum
1704 4359 1767 4430 ob·

417 4444 574 4536 jeuatum
595 4446 749 4539 imagines
766 4454 850 4518 intra
872 4448 1010 4521 duorum
1029 4461 1165 4527 crinium
1180 4454 1347 4527 intervalla
1361 4481 1436 4541 totae
1450 4460 1689 4530 concludantur.
1705 4460 1766 4525 iit·

414 4562 483 4632 que
504 4536 582 4609 hac·
596 4539 728 4610 cochlea
747 4564 810 4627 tres
830 4571 862 4616 v.
880 4569 930 4641 gr.
948 4543 1048 4618 efficit
1064 4555 1215 4620 circuitus
1238 4607 1248 4636 ,
1273 4575 1308 4621 ut
1337 4549 1428 4624 filum
1454 4558 1545 4622 unius
1573 4550 1684 4619 linrae·
1712 4575 1766 4618 to-

418 4655 598 4724 moveatur.
634 4642 756 4705 Verum
777 4645 810 4708 dc
826 4638 881 4708 illa
902 4637 1032 4713 filorum
1054 4646 1232 4722 distantiam
1260 4646 1447 4719 dimetiendi
1471 4651 1553 4716 ratio
1576 4577 1765 4738 exquiiliam

420 4718 575 4839 attachinae
595 4730 784 4819 sttudluram
798 4733 934 4834 postulat
946 4743 959 4826 '‚
973 4761 1012 4810 ac
1024 4735 1152 4844 iubinde
1164 4742 1373 4828 metuendum
1388 4743 1432 4816 cst
1443 4764 1484 4815 nc
1496 4740 1612 4817 crebris
1625 4739 1766 4814 motibus
