3646 5430
371 362 719 441 ACADEMIAE
764 360 1278 440 immittitur.
1455 369 1525 464 '473

165 478 256 538 runt.
298 460 508 534 Archimedes
536 472 571 536 δι
595 464 731 560 quidam
748 456 805 528 olii
831 459 1028 533 lucterihus
1048 464 1186 534 rationes
1208 468 1291 534 inter
1314 456 1412 559 spatia
1427 474 1531 540 curvis
1551 466 1661 556 Gerre,

167 560 262 636 lineis
280 555 510 656 comprehensa
526 583 603 630 cum
616 555 724 655 figuris
739 554 907 628 restilineis
920 553 1089 645 conferre,
1111 555 1227 653 easque
1242 560 1397 654 quadrare
1418 586 1454 633 ut
1478 563 1535 634 lo.

167 679 315 752 quuntur
330 657 535 741 Geometrae,
555 650 752 751 susceperant
766 685 775 738 3
791 676 928 748 quaeque
942 653 980 723 de
993 653 1106 723 circuli
1126 656 1364 747 quadratura&
1389 661 1531 728 circum·

166 753 312 824 serentiae
326 748 557 821 restiricatione
570 772 628 838 ,ut
640 753 749 832 aiunt,
764 741 818 816 seu
832 753 866 818 in
881 750 1001 818 redium
1021 748 1138 820 lineam
1152 746 1340 823 evolutione
1362 754 1396 820 in
1417 777 1534 826 eorum

167 848 261 921 libris
278 867 452 918 occurrunt
464 902 473 930 ‚
485 845 549 916 hoc
563 840 767 943 persuadent,
790 848 967 940 quominus
981 844 1067 915 idem
1081 848 1165 914 circa
1177 844 1255 916 aliar
1271 868 1382 918 curvus
1395 846 1493 921 lineas
1500 849 1538 920 id

169 960 423 1029 tentarem‚eos
437 938 498 1011 ell‘e
510 942 686 1013 deterritos.
973 967 975 971 ’

221 1037 446 1112 Nihilominus
458 1058 566 1108 tamen
580 1035 687 1108 nostrl
707 1035 767 1107 hac
785 1058 876 1108 retate
886 1039 1067 1105 Geometrae
1081 1058 1192 1107 curvas
1211 1058 1246 1106 ut
1260 1035 1376 1130 figurae
1389 1039 1536 1138 polygo‹

170 1160 230 1209 nris
244 1191 255 1224 ,
269 1156 409 1229 quarum
429 1132 527 1204 latera
539 1134 620 1202 adeo
643 1131 702 1204 sint
724 1156 846 1230 parva,
868 1153 904 1201 ut
919 1131 999 1201 nihil
1026 1127 1063 1199 sit
1081 1128 1230 1202 senhbilis
1249 1133 1438 1205 discriminis
1450 1143 1532 1207 inter

171 1255 264 1304 arcus
280 1238 314 1301 &
332 1252 446 1299 corum
464 1227 599 1299 chordas
611 1284 622 1315 ,
634 1226 845 1323 contemplari
856 1249 1022 1323 coeperunt
1038 1247 1156 1320 ,atque
1167 1227 1249 1298 hanc
1262 1234 1348 1300 viam
1361 1225 1538 1302 insistenter

171 1331 343 1398 innumera
381 1346 463 1422 pene
493 1329 527 1394 in
564 1320 628 1394 hoc
653 1347 768 1420 genere
795 1325 988 1392 Geometriae
1020 1318 1235 1418 speculatione
1271 1325 1367 1418 digna
1397 1331 1533 1396 invene.

172 1443 262 1495 runt.
311 1422 402 1493 Cum
436 1442 544 1490 tamen
577 1420 709 1514 quidum
733 1414 850 1516 poffint
874 1413 963 1488 casus
980 1416 1120 1487 incidere
1136 1471 1148 1502 ,
1167 1421 1200 1488 in
1240 1416 1356 1515 quibus
1389 1445 1538 1495 errorem

173 1541 308 1590 ornnem
330 1521 433 1586 vitare
445 1513 672 1586 difficillimum
692 1515 757 1601 est,
782 1511 936 1584 nonnulla
951 1510 1033 1582 hanc
1045 1517 1079 1582 in
1093 1536 1160 1582 rem
1178 1512 1294 1584 ollrrre
1306 1516 1410 1587 voluit
1422 1540 1535 1585 errem·

175 1613 231 1714 plo
246 1611 374 1686 D.dela
391 1616 487 1699 Hire,
500 1635 538 1682 ex
551 1608 668 1707 quibus
676 1611 708 1681 id
721 1606 845 1707 colligit
858 1611 1022 1682 cautiones
1033 1606 1226 1681 adibendus
1244 1608 1305 1681 else
1324 1615 1357 1682 in
1370 1611 1463 1705 hujus
1476 1634 1538 1708 gr-

176 1713 262 1780 neris
272 1705 592 1780 demonstrationibus
609 1701 776 1779 faciendis.
1426 1717 1432 1731 ¹

235 1806 286 1876 hc
298 1806 437 1900 primum
477 1829 526 1874 uae
541 1800 677 1900 supponi
693 1796 795 1871 solent
809 1803 956 1886 omittit,
978 1823 1016 1872 ut
1026 1801 1064 1871 de
1075 1801 1165 1872 lineis
1175 1823 1292 1897 quaeut
1301 1803 1455 1900 parallelae
1469 1830 1541 1902 po·-

176 1920 329 1984 huntur,
358 1830 482 1969 mmuh
495 1905 528 1970 in
540 1921 642 1968 unum
658 1917 777 1968 coeunt
795 1897 1120 1994 pundrum',quund'o
1136 1895 1192 1968 fibi
1214 1880 1285 1970 liunt
1303 1904 1480 1995 proximae,
1499 1919 1541 1970 ut

175 2000 212 2067 iu
224 1991 388 2092 triangulo
399 1991 538 2081 isoscele,
545 2001 631 2086 cujus
641 1988 722 2063 bafis
739 1991 783 2061 est
803 1996 937 2063 minima
949 2016 1023 2068 cum
1039 1991 1189 2063 lateribus
1205 2017 1410 2090 comparata,
1424 1993 1538 2092 anguli

176 2093 217 2162 ad
245 2087 346 2159 basim
361 2112 526 2185 ponuntur
542 2091 647 2175 teeti,
676 2112 736 2158 nec
755 2084 829 2158 sunt
849 2110 975 2162 tamen,
1012 2092 1066 2158 Sic
1090 2113 1181 2159 arcus
1207 2089 1345 2184 aequales
1371 2113 1537 2186 ponuntur

176 2185 306 2256 chordis
326 2240 339 2272 ‚
355 2181 471 2281 quibus
484 2182 712 2256 subtenduntur
728 2209 738 2253 :
757 2182 824 2253 haec
843 2189 981 2277 inquam
995 2191 1028 2256 dr
1043 2183 1104 2254 alia
1114 2184 1264 2256 nonnihil
1280 2181 1486 2257 dubitationis
1496 2189 1540 2256 iio

163 2275 317 2353 offerunt
332 2335 343 2366 ,
359 2284 417 2372 qui
428 2279 507 2350 nihil
522 2277 636 2354 volunt
647 2279 822 2348 concedere
831 2277 892 2348 nih
903 2279 943 2347 ad
956 2283 1139 2374 geometrici
1148 2285 1253 2377 apices
1264 2281 1514 2352 demonstratum
1523 2313 1540 2369 ς,

176 2399 278 2474 atque
300 2373 380 2446 illud
394 2396 467 2445 anre
488 2371 658 2473 probatum
679 2380 825 2470 opormit
839 2370 1008 2445 falsarillas
1024 2371 1220 2470 positiones,
1246 2382 1450 2469 quantumvis
1472 2383 1537 2447 ite-·

180 2493 294 2543 tentor
308 2469 487 2558 ,summam
503 2466 629 2540 efficere
642 2494 708 2540 non
723 2466 827 2564 posse,
844 2493 914 2563 quae
926 2469 1058 2563 alicujus
1072 2464 1108 2537 ht
1122 2474 1296 2542 momenti,

231 2564 358 2639 Verrlm
371 2565 428 2634 illa
444 2570 567 2636 omittit
583 2570 626 2633 D.
637 2567 676 2635 de
691 2564 720 2633 lo
734 2560 829 2652 Hire,
865 2563 930 2634 uod
939 2587 974 2634 ut
983 2560 1151 2633 verisimile
1161 2564 1219 2650 err,
1233 2562 1358 2635 nullum
1368 2589 1542 2662 procreent

176 2685 337 2734 errorem.
362 2662 423 2729 Sed
434 2661 518 2730 aliud
529 2657 711 2761 exemplum
727 2658 821 2730 affert
837 2591 878 2733 h)
894 2656 1044 2730 omnibus
1057 2661 1114 2752 qui
1135 2658 1195 2729 hac
1211 2681 1342 2729 uruntur
1356 2660 1512 2732 methodo
1525 2719 1544 2749 ‚

177 2757 379 2840 concellum,
390 2753 542 2825 chordam
557 2762 709 2827 nimirum
720 2753 812 2825 arctis
826 2751 988 2826 indefinite
997 2755 1195 2847 parvieidem
1204 2759 1292 2825 arcui
1300 2753 1360 2826 elle
1368 2755 1544 2852 aequalem,

178 2852 268 2925 odeo
280 2872 314 2921 ut
326 2851 440 2920 eadem
455 2847 579 2947 prorsus
591 2854 630 2923 de
643 2852 764 2921 chordir
781 2861 812 2924 dt
829 2869 905 2921 arcu
919 2847 1072 2921 affirmari
1087 2846 1217 2943 polhnt.

221 2951 274 3020 Sit
286 2950 382 3046 igitur
396 2941 612 3019 semicirculus
624 2951 734 3035 ΔΕΒ,
754 2955 843 3042 cujus
859 2948 1011 3017 diameter
1023 2943 1261 3019 AB'horizonti
1272 2946 1312 3016 ad
1326 2945 1543 3046 perpendicu-

177 4410 258 4492 lum
289 4404 441 4494 inustae,
474 4425 582 4498 eaque
610 4397 652 4472 'fit
684 4398 894 4500 longitudinis
915 4423 952 4492 15
970 4393 1099 4496 pedoni.
1132 4387 1174 4465 ld
1193 4391 1256 4466 suit
1291 4389 1548 4466 demmilramm
1647 4460 1652 4473 ,

183 4511 335 4584 sutorum
351 4497 413 4572 cll'e
434 4522 470 4569 ut
488 4521 605 4595 corpus
619 4522 724 4593 grave.
735 4499 825 4592 quod
837 4494 984 4594 negledhr
1001 4493 1087 4564 mole
1097 4491 1193 4562 instar
1204 4491 1316 4592 puniti
1336 4493 1515 4584 concipitur
1526 4550 1547 4585 ‚,

183 4605 211 4680 ὲ
231 4602 352 4701 ponsto
366 4599 482 4694 quietis
499 4595 549 4678 A,
565 4618 622 4687 per
640 4592 759 4663 lineam
784 4594 864 4679 Au,
883 4600 918 4664 dr
939 4593 1086 4685 quamvis
1105 4585 1203 4657 aliam
1221 4582 1375 4683 chordam
1395 4605 1430 4650 ur
1449 4587 1512 4654 ΕΒ
1527 4643 1547 4676 ,

183 4701 316 4774 decidat
331 4702 365 4766 in
380 4699 426 4781 B,
447 4698 530 4763 intra
543 4713 643 4759 unum
656 4691 818 4758 minutum
828 4684 998 4760 secundum
1009 4686 1164 4782 temporis
1180 4677 1305 4773 tiamsi
1318 4703 1381 4747 una
1393 4701 1429 4747 ex
1446 4673 1552 4752 semi-

185 4794 307 4887 circuli
315 4787 494 4882 fubtcnsu,
514 4782 569 4882 seu
581 4783 708 4861 chordis
719 4779 860 4858 sumatur
868 4777 993 4860 infinite*
1005 4803 1116 4882 porra,
1128 4800 1165 4853 ut
1176 4780 1254 4864 BD,
1268 4775 1550 4943 igexrremodiaq

314 4890 329 4911 '
515 4883 528 4895 '
719 4882 732 4892 ’
1035 4887 1038 4896 “
1324 4895 1387 4943 oo-
