3646 5430
429 369 756 448 ACADEMIAE
790 370 1096 452 HISTORIA.
1133 377 1211 458 hu.
1237 383 1283 457 V.
1487 390 1547 485 '531

714 537 806 610 XX
835 537 869 607 X
898 536 1010 610 111.

230 691 303 772 Ubi
322 695 363 767 de
384 693 596 770 elediionibus
616 717 672 767 aut
693 693 732 765 de
757 691 851 766 rebus
873 694 915 764 ad
937 697 1146 769 Academiam
1170 696 1388 797 [pedientibus
1403 726 1541 805 agetur,

172 790 251 873 solis
272 797 466 866 Honoratiis
479 849 491 883 ,
506 819 564 868 aut
584 788 793 867 Pensronatiis
809 786 954 890 suffragii
968 804 1018 888 jus
1038 794 1118 868 esto.
1154 793 1316 897 Suffragia
1340 823 1398 900 pet
1420 800 1542 880 tabulae

172 894 281 970 sunto.

174 989 178 995 ’
431 980 436 991 ’
728 986 819 1058 XX
845 987 879 1055 X
905 990 921 1058 I
943 995 1008 1061 Va'

222 1155 338 1228 Nemo
357 1148 477 1222 asienus
499 1150 539 1222 ad
563 1144 673 1218 solitos
699 1145 882 1218 Academiae
907 1151 1318 1244 conventusadmitmm,
1344 1154 1440 1231 nisisi
1466 1126 1541 1258 quit

171 1274 265 1322 novae
282 1249 417 1344 alicujus
435 1247 618 1336 machinae,
642 1264 699 1316 aut
712 1243 837 1315 inventi
857 1241 1035 1344 cujuspiam
1058 1247 1161 1344 graui
1186 1245 1209 1321 ὲ
1237 1248 1417 1328 sententio
1436 1261 1540 1362 inttoss

171 1346 319 1420 ducatur.

751 1440 787 1512 X
810 1441 843 1510 Χ
870 1439 904 1510 X
923 1443 969 1513 V.

219 1605 273 1675 Ad
296 1600 441 1702 publicos
455 1623 563 1673 autem
581 1623 677 1674 cetur
689 1604 746 1695 qui
761 1598 809 1672 bit
825 1620 1028 1696 unoquoque
1046 1627 1134 1678 enno
1153 1605 1255 1680 futuri
1279 1605 1371 1697 sunt,
1383 1611 1539 1686 nimirum

171 1702 323 1799 postridie
338 1698 598 1771 §aretinarum
614 1754 627 1787 ,
644 1705 677 1771 dc
689 1695 844 1768 festorum
858 1693 1084 1790 Paschasium‚
1098 1706 1206 1800 quivis
1215 1703 1416 1780 admittatur.

723 1859 988 1932 XXXVI.

139 2029 147 2038 ·
224 1982 339 2062 Praeses
351 1986 417 2058 uni
432 2009 507 2057 cum
527 1990 723 2058 Honoratiis
740 1990 775 2058 in
794 1984 1067 2086 suprcmd'mensae
1083 2016 1173 2091 parte
1185 1992 1313 2090 sedeat3
1330 2021 1368 2068 ex
1397 2019 1537 2096 utroque

165 2088 289 2158 exedrae
306 2085 402 2153 latere
421 2079 617 2155 Penfionarii
634 2118 645 2172 3
668 2085 845 2182 Aggregati
859 2088 894 2154 in
907 2088 1051 2157 extremi
1066 2111 1157 2185 parte
1181 2118 1193 2163 c
1214 2092 1433 2166 Alumnorutn
1454 2104 1536 2168 reid

166 2176 384 2279 unusquisque
398 2179 484 2280 pond
495 2202 570 2251 eum
584 2179 818 2252 Academicum
830 2177 934 2253 sedeat
946 2183 1001 2251 cui
1020 2181 1182 2260 Alumnus
1197 2189 1290 2298 datur
1304 2187 1415 2266 fierit

701 2327 1005 2414 xxxvii.

220 2506 335 2582 Praeses
352 2514 386 2580 in
399 2507 546 2603 quolibet
563 2506 726 2597 consessu,
743 2531 841 2607 atque
857 2512 889 2580 in
913 2513 950 2578 iis
969 2507 1145 2587 omnibus,
1171 2533 1243 2606 quie
1255 2512 1296 2583 ad
1323 2513 1532 2595 Academiam

166 2601 386 2703 spectabunt,
407 2607 439 2676 id
458 2604 566 2675 sedulo
588 2628 677 2676 curet
703 2663 713 2693 ,
741 2627 778 2677 ut
799 2602 978 2702 composti
1004 2613 1036 2677 δι
1067 2607 1179 2675 ordine
1202 2610 1318 2680 cuneta
1347 2607 1439 2689 fiant.
1462 2615 1534 2715 ipse

166 2703 221 2771 vel
243 2706 352 2798 Regi,
373 2701 422 2774 vel
446 2705 477 2771 ei
501 2705 592 2799 regni
614 2704 822 2789 Secretatio,
848 2725 947 2800 quem
976 2703 1048 2773 Rex
1070 2697 1136 2799 ipse
1158 2702 1362 2804 praeposuetit
1391 2764 1403 2796 ,
1432 2720 1533 2786 ratio·

166 2815 245 2867 uem
259 2793 380 2870 reddat.

680 2896 713 2963 X
733 2895 767 2962 X
790 2901 821 2967 X
844 2902 875 2968 V
902 2897 916 2964 Ι
942 2899 957 2963 1
984 2899 1012 2968 I.

224 3060 263 3125 In
278 3082 345 3129 uno
364 3081 496 3155 quoque
510 3078 692 3141 conventu,
710 3038 911 3152 quecunque
928 3079 976 3125 res
988 3058 1021 3122 in
1036 3053 1300 3132 deliberationem
1314 3067 1463 3153 venerit,
1493 3066 1533 3139 de

166 3149 206 3224 ed
221 3150 388 3226 sententias
407 3157 593 3228 Academici
607 3177 645 3224 ex
658 3155 769 3227 ordine
783 3174 936 3250 rogantor
954 3176 964 3222 ε
981 3152 1081 3245 Qud
1101 3151 1248 3252 pluribus
1262 3157 1440 3257 placuerit,
1455 3186 1532 3260 pro-

167 3271 354 3327 nunciatur.

706 3411 982 3481 XXXIX.

214 3577 280 3646 Die
306 3577 415 3670 primo
431 3573 578 3673 Januarii
605 3561 757 3661 cujusque
783 3566 857 3633 anni
883 3567 955 3635 Rex
989 3565 1152 3658 praesidem
1185 3570 1368 3644 Academia
1400 3570 1531 3650 creabit.

164 3675 248 3767 Qnae
272 3671 395 3742 creatio
417 3664 541 3739 tametsi
567 3663 695 3759 singulis
719 3662 809 3730 annii
836 3665 897 3731 erit
925 3663 1138 3750 renovanda,
1167 3689 1276 3737 tamen
1328 3691 1380 3736 tot
1427 3665 1531 3740 abitur

166 3766 234 3837 haec
252 3767 357 3837 eidem
387 3760 506 3860 praesidi
529 3762 728 3860 provincia,
782 3757 910 3828 uamdiu
943 3758 1054 3854 Regiae
1081 3763 1240 3853 majestati
1268 3691 1370 3833 vifum
1383 3693 1532 3854 osteum

164 3877 308 3956 cumque
332 3859 399 3931 fieti
423 3856 549 3957 poffit,
581 3881 616 3929 ut
647 3852 702 3925 vel
728 3783 930 3945 viduumne,
954 3855 1003 3924 ves
1027 3859 1165 3954 negotiis
1181 3858 1355 3957 impeditus
1380 3858 1534 3934 consessui

163 3981 233 4029 non
257 3956 378 4029 interfit
404 4013 415 4046 ,
449 3960 522 4054 Rert
550 3951 641 4025 simul
668 3951 805 4025 alterum
831 3948 1006 4052 designabit
1025 3953 1287 4045 Academicum,
1315 3959 1375 4053 qni
1398 3954 1535 4030 absentia
1636 3970 1640 3979 '

164 4055 253 4129 vices
273 4052 380 4128 obeat.

798 4210 896 4282 XL.

264 4396 437 4469 naecnnque
463 4373 496 4440 in
526 4394 728 4469 unoquoque
756 4369 937 4446 Academia
975 4369 1116 4448 consessu
1148 4368 1348 4486 propofita,
1385 4377 1533 4486 agitata,

164 4470 250 4545 usca
277 4497 320 4555 a,
351 4477 384 4540 dt
410 4469 581 4540 constituta
609 4467 728 4540 fuerint
758 4523 770 4556 ,
797 4470 991 4544 Secretarius
1018 4470 1203 4545 summatim
1236 4468 1370 4569 colligat
1397 4504 1407 4559 3
1432 4472 1532 4580 qnid·

166 4569 245 4662 quid
272 4568 291 4639 ὲ
317 4561 437 4662 scripto
457 4571 626 4635 recitatum
643 4563 809 4652 fuerit,in
824 4563 948 4638 tabulas
963 4566 1091 4641 reserat.
1122 4567 1158 4636 Si
1180 4563 1260 4658 quid
1281 4567 1531 4678 ²¹.⁸⁰.²‘¹“¹'¹²

164 4656 280 4739 tabulit
296 4658 491 4763 exscriptum
506 4664 647 4759 cuipiam
659 4659 722 4735 stre
745 4660 965 4753 Academico,
984 4659 1048 4736 five
1065 4663 1305 4830 alieno,Xcuius
1327 4661 1363 4772 id
1390 4656 1532 4754 interfit,

1238 4777 1293 4844 ⁴xx
1323 4780 1347 4852 ¹1
