3646 5430
391 364 719 450 ‘ternanta
749 371 1090 450 maronii.
1144 378 1237 451 tu.
1259 356 1289 455 r.
1347 415 1352 420 -
1481 408 1528 473 ις,

189 477 320 555 lentot
398 473 487 544 dicet
505 462 654 542 deorsum
671 466 832 543 inflexam.
864 475 949 567 Q:
967 473 1007 541 de
1029 497 1090 544 ave
1115 473 1313 570 Meleagride
1340 472 1529 574 scripserunt
1546 467 1637 562 Htst·
1661 522 1667 534 ·

188 596 321 654 mnes,
365 572 417 642 uic
437 571 579 640 omnino
602 568 810 641 conveniunt.
835 570 944 666 Caput
966 568 1058 640 crista
1084 569 1173 641 velut
1199 568 1313 643 callide
1339 581 1528 664 munitum,
1546 575 1657 649 Anim.

184 663 446 764 eujurlubllant'n
458 659 546 829 gigrli
559 658 707 755 lignosa,
731 683 767 732 ut
787 661 906 757 clytus
926 663 1010 761 apud
1031 664 1222 738 Athenaeum
1251 667 1392 744 testatur.
1438 673 1529 746 Albae

182 765 355 865 plumarum
379 785 476 832 maen
538 791 549 846 ;
575 783 668 829 crura
693 762 727 828 in
749 759 889 829 maribus
912 754 977 828 fine
1003 759 1179 834 calcatibus
1202 816 1212 845 ,
1233 787 1269 832 ut
1295 765 1357 850 alia
1377 772 1527 841 omittam

177 860 308 1029 plaffin
327 915 340 948 ,
361 862 397 928 'ur
417 851 540 956 gallum
562 854 733 942 Indicum,
755 859 802 926 uti
823 852 1054 929 recentioribus
1077 853 1268 955 quibusdam
1292 862 1442 952 videtur,
1459 889 1530 940 non

223 1057 398 1127 interiores
442 1069 526 1120 artes
540 1050 622 1146 pene
636 1071 671 1119 ut
686 1052 718 1117 in
734 1045 858 1144 gallinis
879 1047 1212 1122 etant-conformare.
1255 1049 1389 1125 lufimus
1406 1063 1530 1129 ventri
1595 1069 1597 1073 '

173 1149 290 1232 mins,
309 1076 484 1239 ebedlr,
504 1168 540 1214 ιιι
560 1149 593 1215 in
616 1144 761 1242 gallina3
786 1146 918 1214 interior
943 1153 1011 1241 ejus
1032 1142 1221 1217 membrana
1244 1155 1372 1244 aparte
1397 1151 1529 1226 carnosa

173 1244 272 1316 facile
287 1241 463 1342 separabilis
483 1241 578 1310 instar
600 1243 717 1311 taurini
741 1237 871 1335 glutinis
892 1263 985 1322 ειιι,1
1012 1249 1046 1313 dt
1070 1239 1224 1314 exsiccata
1246 1245 1342 1314 instar
1366 1252 1441 1317 vitri
1459 1246 1530 1318 fra-

173 1345 262 1438 gilis.
296 1345 333 1410 ln
350 1333 509 1438 plerisque
522 1332 696 1407 sehirosum
710 1343 798 1427 jecur
818 1337 906 1407 velut
918 1342 1023 1432 granis
1041 1332 1222 1427 majusculis
1243 1336 1456 1436 conspersum.
1490 1352 1529 1415 ln
1553 1356 1555 1361 '

172 1437 319 1535 suprema
335 1430 501 1505 ventriculi
516 1455 606 1526 parte
624 1455 740 1524 corpus
753 1452 820 1500 etat
838 1427 1028 1502 subrubrum
1040 1441 1075 1503 de
1090 1429 1221 1506 firmum
1233 1462 1309 1507 curn
1335 1441 1414 1508 vend
1435 1442 1527 1529 caud,

174 1535 281 1617 autad,
300 1531 419 1630 porti,
439 1529 594 1598 intestinis
614 1525 796 1613 coherens,
816 1527 906 1622 quod
927 1552 995 1598 non
1008 1529 1094 1598 aliod
1111 1525 1173 1597 elle
1195 1555 1307 1628 prater
1327 1529 1446 1605 lienem
1472 1546 1526 1629 ju.

173 1631 312 1700 dicatum
324 1628 383 1698 est.
406 1623 476 1697 Ubi
485 1621 659 1694 schirosum
669 1619 770 1718 hepar
786 1626 955 1693 inventum
968 1624 1013 1694 eil
1030 1679 1041 1710 ,
1071 1621 1135 1692 hoc
1151 1649 1285 1725 quoque
1301 1652 1417 1725 corpus
1433 1631 1527 1702 orale

169 1725 282 1797 eodem
300 1726 388 1792 vitio
402 1717 554 1791 affictum
573 1742 653 1794 erat.
677 1722 743 1787 A'c'r
768 1741 824 1813 per
843 1713 986 1814 asperam
1003 1725 1154 1790 arteriam
1175 1721 1332 1795 immitius
1354 1725 1526 1822 pulmones

166 1824 291 1993 ἔχει
305 1827 339 1892 δι
356 1814 474 1888 veficae
487 1841 557 1914 quae
572 1822 606 1888 in
626 1812 696 1915 ipso
719 1812 894 1886 abdomine
914 1812 1023 1911 posita
1046 1810 1140 1904 sunt,
1161 1820 1232 1887 imo
1257 1826 1291 1891 δι
1311 1823 1526 1894 Petitardium

240 1940 304 1991 nrt.

221 2018 306 2087 111.
329 2016 413 2085 Tres
426 2010 540 2082 deinde
559 2006 684 2104 Aquilae
707 2004 778 2078 suut
800 2005 956 2098 dilecte,
979 2011 1048 2080 dua
1066 2031 1157 2082 erant
1181 2035 1220 2082 ex
1240 2034 1281 2083 eo
1301 2035 1416 2108 genere
1435 2015 1526 2107 quod

167 2107 367 2204 Chrysae'tor
386 2163 398 2189 ,
420 2129 476 2176 aut
493 2103 617 2200 gnesros
635 2108 843 2190 nominatur,
865 2107 964 2199 quod
977 2103 1087 2176 colore
1108 2130 1207 2178 aureo
1234 2106 1351 2204 plumae
1378 2111 1526 2198 niteant,

169 2209 362 2300 &genuinae
374 2199 435 2273 lint
447 2203 588 2296 aquila,
608 2224 666 2269 nos
683 2202 785 2295 regias
799 2201 934 2271 dicimus
955 2200 1105 2274 :tametsi
1130 2202 1249 2303 triplici
1269 2203 1380 2274 colore
1411 2203 1527 2301 plume

168 2303 321 2372 distineat
338 2319 445 2374 erant.
467 2301 550 2370 Non
568 2320 659 2366 cruta
672 2295 773 2364 modo
794 2353 804 2381 ‚
830 2294 882 2364 sed
895 2321 1004 2371 totum
1031 2298 1112 2392 pene
1132 2324 1249 2395 corpus
1270 2298 1422 2396 plumulis
1444 2299 1527 2372 albis

168 2403 200 2565 igr
219 2394 294 2560 ipiip
313 2418 492 2492 penitoru-
506 2389 663 2555 radicidbus
682 2387 910 2557 adversrstsdvim
930 2391 1060 2490 frigoris
1078 2399 1277 2556 npugriuntur.
1300 2396 1381 2556 a(dini
1402 2419 1440 2463 ex
1459 2401 1527 2557 gri-

190 2518 225 2564 ur
286 2513 372 2560 urnae
391 2511 571 2562 nouerant
617 2507 770 2571 eauratae,
803 2512 820 2555 e
897 2512 968 2557 nna
990 2508 1079 2558 erant
1108 2511 1184 2556 ιιιιι
1209 2512 1274 2556 rat:
1340 2511 1380 2554 eo
1399 2511 1434 2557 ut
1480 2514 1525 2559 aec

169 2518 368 2686 potuerim
381 2580 478 2681 specie
498 2582 691 2679 Aquilarum
713 2579 831 2652 censeri
856 2511 960 2678 Fequae
985 2587 1019 2653 in
1040 2512 1227 2654 locismagri
1246 2581 1392 2652 finitimis
1411 2584 1524 2678 degit,

170 2701 482 2780 quequeptopterea
499 2679 688 2750 Halraetosa
706 2675 864 2750 veteribus
876 2681 1065 2778 appellatur.
1106 2682 1214 2770 Hujus
1228 2679 1339 2750 itidem
1396 2678 1527 2746 descae.

170 2778 302 2849 mltum
322 2774 465 2845 colorem
483 2772 705 2857 exhibebant,
735 2797 800 2866 qua
821 2797 900 2865 nota
925 2774 966 2847 ab
992 2775 1061 2846 aliis
1086 2797 1160 2844 earu
1190 2768 1326 2872 speciem
1346 2701 1527 2870 lllungunt.

169 2871 367 2945 Membrana
378 2869 486 2941 multo
501 2870 592 2967 adipe
615 2863 779 2975 conspersa
803 2872 971 2959 intestina,
990 2879 1077 2964 jecur
1100 2876 1134 2940 &
1152 2868 1367 2940 ventriculum
1392 2873 1426 2937 in
1446 2871 1525 2939 dua-

169 2968 226 3040 bus
240 2972 336 3066 regiis
359 2962 547 3036 involvebat
567 3002 577 3055 3
600 2967 618 3034 ὲ
638 2969 747 3034 velrcis
769 2963 941 3036 abdomine
957 2970 1117 3038 contentis
1138 2990 1273 3061 quaeque
1301 2988 1356 3064 per
1382 2962 1524 3063 asperam

165 3069 317 3136 arteriam
326 3069 405 3227 sag‘e're
421 3060 660 3148 distertduntur,
675 3063 833 3157 originem
853 3062 1013 3150 ducebat,
1033 3083 1136 3158 eaque
1149 3060 1312 3160 Epiploon
1330 3057 1440 3133 haberi
1455 3086 1524 3134 me-

165 3183 228 3234 rito
293 3181 325 3231 te
356 3211 367 3229 .
1210 3183 1240 3218 η

213 3186 436 3353 opelophagus
456 3261 491 3327 δι
510 3251 705 3326 ventriculus
727 3251 832 3325 forma
853 3258 1009 3327 exteriore
1036 3262 1071 3328 de
1095 3253 1305 3353 amplitudine
1332 3250 1523 3325 consimiles.

166 3355 226 3426 Sed
243 3376 317 3450 patr
332 3353 516 3423 interior&
537 3350 671 3422 inferior
692 3347 856 3448 oesophagi
871 3349 979 3422 multis
1005 3375 1073 3423 erat
1098 3350 1255 3448 glandulis
1273 3349 1390 3420 referta
1411 3405 1422 3436 ,
1450 3376 1527 3422 cum

165 3451 409 3521 inventricufo
434 3443 511 3516 esset
541 3446 650 3516 multis
675 3451 760 3540 rugis
780 3447 900 3555 aspera.
941 3449 1091 3542 Uterque
1113 3468 1183 3516 turn
1203 3443 1393 3540 oesophagus
1420 3500 1430 3531 ,
1456 3467 1526 3527 tum

166 3541 365 3618 ventriculus
381 3539 591 3641 amplitudine
601 3537 762 3631 sua⁴nujus
775 3564 840 3608 avis
856 3544 1023 3611 voracitati
1039 3538 1255 3639 respondebat·
1295 3538 1445 3608 Intestina
1469 3543 1527 3608 ad.
1607 3570 1611 3580 ·

169 3643 303 3714 modum
315 3643 434 3738 exigua
457 3645 491 3708 δι
508 3635 617 3709 brevia
633 3635 739 3736 qualia
754 3633 825 3706 suut
839 3638 873 3703 in
887 3633 1101 3706 animantibus
1112 3631 1281 3704 voracibus
1294 3657 1364 3728 quae
1378 3656 1416 3703 ex
1429 3636 1526 3731 preda

175 3758 294 3807 vivunt

217 3835 297 3903 Lien
309 3831 492 3905 ventriculo
506 3832 652 3929 proximi:
667 3830 857 3923 ιοιιῇιιιιᾶιιι
881 3852 918 3898 ex
937 3825 1049 3899 dextro
1072 3826 1181 3903 latere.
1212 3832 1250 3897 In
1279 3826 1387 3922 aquila
1414 3886 1425 3917 ‚
1456 3854 1527 3926 quae

176 3927 327 4017 Halietos
351 3932 499 4015 dicitur,
525 3925 583 3998 sub
604 3928 716 3997 dextro
739 3923 859 4022 hepatis
881 3921 959 3994 lobo
982 3925 1107 4015 jacebat
1131 3983 1141 4015 ,
1169 3924 1317 3996 intestino
1341 3949 1396 4020 per
1421 3951 1528 3997 ramos

171 4044 280 4118 portae
294 4029 455 4096 &atterit
474 4023 614 4106 coeliacae
637 4023 838 4113 conjunctus.
873 4027 911 4091 ln
926 4018 1037 4091 eadem
1058 4021 1177 4117 Aquila
1197 4043 1346 4120 pancreas
1371 4046 1459 4118 parte
1481 4020 1528 4092 sui

172 4115 290 4188 infima
309 4122 475 4190 rotundum
492 4142 559 4190 erat
572 4128 605 4192 δι
621 4115 841 4214 perforatum,
860 4138 896 4186 ut
924 4114 1033 4186 ductui
1054 4117 1205 4216 hepatico
1226 4114 1393 4190 transitum
1408 4116 1528 4213 ptaebe.

172 4236 257 4383 gegtfi}¹
290 4217 323 4284 ui
336 4214 420 4285 nulla
434 4239 508 4286 curn
524 4213 671 4285 dudlibus
693 4217 871 4313 pancreatis
892 4214 970 4281 inita
991 4212 1142 4286 societate
1161 4219 1194 4283 iu
1220 4207 1324 4313 ipsum
1343 4214 1527 4283 intestinum

260 4334 278 4379 e
324 4333 348 4383 t.

219 4413 306 4478 Tres
324 4427 416 4477 erant
429 4406 542 4476 duetus
555 4402 600 4475 illi
612 4409 803 4504 pancreatici
815 4464 826 4496 ,
840 4428 937 4504 atque
952 4404 1017 4476 hoc
1034 4400 1189 4505 singulare
1202 4401 1339 4478 habebat
1352 4410 1524 4477 commin.

175 4498 287 4589 lertio,
304 4504 440 4599 quodin
454 4503 639 4573 duodenum
654 4560 664 4591 ‚
678 4509 792 4574 nonin
811 4512 977 4598 jejunum,
989 4507 1037 4574 uti
1057 4500 1137 4575 solet
1151 4506 1184 4572 in
1201 4500 1331 4588 tribue,
1348 4498 1498 4572 deflueret
1515 4556 1526 4587 ,

175 4604 209 4668 dt
227 4603 402 4694 unicuique
424 4596 478 4670 sua
501 4591 575 4669 esset
597 4598 722 4698 papilla.

220 4701 281 4768 iv.
308 4692 503 4791 Aquilatum
533 4687 777 4792 descriptionem
801 4702 925 4794 excepit
947 4721 1098 4771 anatome
1118 4694 1252 4794 duplicis
1276 4691 1437 4789 cujusdam
1461 4696 1527 4763 avit

176 4786 334 4895 licitam
348 4845 360 4883 ,
375 4814 477 4890 quam
492 4791 651 4870 ductores
667 4793 707 4864 ad
727 4818 825 4893 genua
840 4794 1001 4892 gallorum
1020 4793 1233 4897 telettum&
1247 4788 1324 4960 gallRi
1344 4788 1448 4903 indici
1466 4813 1527 4861 no·

1346 4910 1367 4982 ι]
1452 4962 1454 4967 ,
1525 4904 1528 4910 ’
