3646 5430
431 285 756 412 acroama
790 331 1099 411 ursionis.
1135 335 1212 411 in.
1240 343 1287 414 v.
1471 347 1536 436 aaa

164 427 228 502 vel
243 423 342 498 odore
356 420 426 523 ipso
442 430 547 501 statim
563 435 658 527 nigro
670 427 783 501 colore
797 429 892 504 tiosti
905 427 1056 502 videntur
1078 429 1286 506 emeruerat.
1314 430 1537 514 ''Solutionem
1668 498 1671 503 .

165 527 295 623 lapidis
308 522 514 598 Bononiensis
529 551 637 600 recens
649 525 797 598 calcinari
814 529 849 599 iti
862 525 948 622 aqui
958 522 1105 599 fluviatili
1122 524 1198 598 huie
1215 532 1441 628 auripigmenti
1454 528 1540 605 solii·

168 627 259 695 tioni
270 615 446 706 substituit,
465 643 535 694 tum
550 621 849 694 litterae‘admodum
863 626 961 719 nigrat
972 623 1130 720 prodiere.
1145 628 1235 717 Qrin
1251 630 1350 695 etiam
1364 624 1443 724 lapis
1456 624 1540 707 solus

170 743 286 790 recens
305 715 477 789 calcitratus
488 723 590 790 necin
603 717 688 815 aqud
709 714 867 790 exsolutus
881 719 1019 789 eundem
1032 714 1185 790 effectum
1198 721 1295 793 dedit.
1319 723 1414 814 Lapis
1429 725 1539 794 Bono.

173 810 291 886 nienfis
308 812 431 908 pridem
452 813 625 885 calcitratus
644 813 731 888 hunc
747 837 814 884 non
853 837 978 886 rocrear
994 809 1148 886 effluam
1162 868 1172 901 ,
1187 821 1233 886 uti
1244 839 1303 885 nec
1313 820 1540 914 auripigmenti

173 933 270 979 vetus
282 906 399 980 solutio
415 912 447 980 in
462 912 547 1004 aqud
561 910 654 981 calcis
675 939 685 984 ε
701 936 777 984 nam
788 838 948 981 cabalario
960 906 1053 1007 sulph
1092 935 1153 991 ea,
1171 936 1235 1009 que
1250 908 1459 983 indesinenter
1473 911 1540 985 dis.

175 1003 297 1171 sppatur
318 1060 329 1091 ,
347 1005 477 1075 tandem
504 1003 663 1080 evanescit
681 1065 694 1096 ,
711 1006 764 1079 sed
781 1006 822 1076 de
843 1027 1026 1079 atramento
1044 1005 1068 1077 il
1082 1032 1104 1077 o
1136 1003 1324 1105 sympathiae
1351 1007 1462 1105 posteri
1487 1009 1541 1082 su-

197 1125 259 1174 ius.

235 1204 292 1271 11.
321 1195 387 1268 Sub
403 1198 486 1268 idem
509 1221 635 1294 tempus
654 1203 701 1271 D.
722 1195 808 1270 dela
826 1200 909 1271 Hire
925 1193 1007 1268 filius
1020 1195 1192 1295 conchylia
1207 1197 1351 1273 exhibuit
1372 1203 1405 1271 in
1423 1199 1543 1300 lapidet

175 1289 359 1379 conversa,
375 1293 468 1365 simul
497 1303 531 1366 δι
551 1294 787 1366 observationes
810 1292 877 1366 suas
895 1298 979 1366 circa
997 1296 1144 1389 quaedam
1171 1318 1309 1394 corpora
1335 1303 1418 1370 intra
1442 1296 1543 1378 molet

176 1387 285 1460 saxeas
300 1386 418 1461 inclusa
429 1387 546 1482 scripto
564 1391 703 1465 tradidit.
718 1390 753 1460 ld
766 1395 907 1488 primum
919 1390 1056 1463 advertit
1074 1415 1140 1460 non
1157 1391 1278 1465 temeri
1290 1393 1451 1466 nonnullis
1466 1394 1544 1466 l’bi·

180 1481 324 1581 losophis
336 1481 438 1556 visum
454 1486 514 1556 esse
527 1511 664 1583 corpora
681 1485 853 1557 consimilis
866 1483 996 1584 figurat,
1015 1510 1085 1578 quar
1098 1490 1132 1555 in
1150 1488 1234 1558 tetri
1249 1513 1422 1560 occurrunt
1442 1547 1452 1576 ,
1475 1514 1545 1570 nou

179 1579 224 1653 ab
238 1583 307 1651 aliis
319 1586 395 1651 oriri
410 1586 573 1681 principiis
594 1583 696 1678 quim
715 1584 736 1652 d
753 1577 942 1678 quibusdam
960 1578 1074 1652 salibus
1088 1577 1178 1656 certo
1202 1584 1345 1679 quodam
1362 1587 1462 1659 modo
1480 1585 1546 1656 dis-

180 1676 294 1773 positis
310 1702 383 1747 cum
403 1701 485 1769 terre
500 1685 533 1749 &
545 1703 636 1774 aquae
670 1677 810 1749 articulis
825 1677 893 1750 und
913 1677 1116 1772 conjunctis:
1140 1704 1211 1776 qua
1231 1703 1368 1777 corpora
1383 1687 1545 1778 organicis

182 1770 302 1842 similia
318 1772 440 1870 plantas
451 1829 462 1860 ,
474 1772 525 1843 vel
537 1704 689 1844 animalia
711 1772 942 1860 referunt,aut
954 1795 1056 1845 certas
1070 1782 1103 1846 ὰ
1117 1775 1296 1846 constantes
1316 1803 1380 1874 prat
1392 1776 1424 1848 se
1436 1776 1545 1850 ferunt

180 1864 315 1965 figuras.
354 1869 406 1940 Sic
423 1869 502 1967 lapis
518 1869 670 1941 Astroires
685 1878 792 1962 ,cujus
811 1866 907 1966 suptd
919 1871 1147 1956 meminimus,
1161 1869 1247 1940 certi
1261 1879 1294 1943 ὰ
1314 1873 1472 1943 constanti
1493 1900 1545 1945 ra·

179 1968 274 2034 tione
286 1961 470 2052 formatur,
499 1989 533 2036 ut
558 1964 637 2036 nihil
659 1967 766 2036 dicam
784 1967 822 2036 de
844 1964 993 2062 crystallo
1018 1971 1051 2033 δι
1070 1964 1141 2037 aliis
1160 1970 1333 2038 innumeris
1355 2002 1365 2056 3
1388 1965 1430 2039 sic
1461 1973 1544 2046 nivis

179 2057 309 2130 flosculi
324 2069 357 2132 ὃ(
372 2062 485 2134 stellati
501 2067 534 2132 in
555 2087 662 2132 ramos
672 2056 784 2149 effusi,
798 2068 832 2135 dt
846 2058 921 2132 rosae
938 2085 1013 2131 cum
1025 2059 1112 2135 soliis
1125 2060 1288 2158 explicatu
1298 2118 1308 2151 ,
1320 2064 1451 2162 exaqud
1461 2120 1472 2152 ,
1484 2059 1545 2139 sale

180 2154 350 2253 paululum
359 2157 490 2228 urinoso
505 2151 672 2252 conspersi
683 2162 715 2227 in
732 2155 957 2256 congelatione
974 2154 1169 2231 sortiuntur.
1431 2245 1433 2248 g

238 2258 362 2324 Verum
373 2279 439 2324 non
457 2256 568 2327 eadem
579 2253 623 2323 est
643 2257 726 2323 ratio
749 2258 898 2325 omnium
913 2276 1088 2348 corporum
1115 2276 1179 2345 que
1198 2254 1217 2324 ὲ
1236 2254 1320 2326 terrai
1348 2251 1546 2329 effodiuntur

180 2370 277 2420 certae
293 2359 324 2418 δ(
340 2349 490 2446 regularis
505 2346 624 2447 figurae.
654 2355 736 2444 Quat
752 2373 804 2421 eir.
819 2372 869 2446 gr.
895 2355 927 2421 in
940 2348 1010 2420 toti
1030 2372 1111 2442 pene
1126 2349 1226 2422 insuld
1243 2350 1406 2423 Melitensi
1427 2348 1547 2427 soffilia
1620 2359 1624 2366 '

181 2466 340 2514 eruuntur
368 2451 386 2514 e
410 2444 569 2542 rophaeeo
593 2439 687 2533 solo,
710 2469 746 2514 ea
759 2440 830 2516 sunt
842 2440 1054 2542 proculdubio
1070 2466 1124 2514 aur
1137 2467 1273 2540 corpora
1288 2450 1439 2543 organica
1455 2500 1467 2532 ,
1492 2470 1548 2520 aut

182 2539 296 2637 stirpes
315 2546 347 2613 in
369 2541 486 2636 lapides
500 2537 670 2614 converse.
696 2544 804 2635 Hujus
815 2546 940 2638 generis
955 2534 1024 2609 sunt
1044 2533 1226 2633 serpentum
1242 2542 1350 2614 dentes
1360 2540 1462 2638 vulgo
1470 2543 1548 2612 diui

184 2640 246 2731 qui
267 2635 345 2707 nihil
359 2639 505 2708 videntur
529 2633 589 2709 else
611 2660 722 2732 praeter
735 2637 845 2708 dentes
864 2632 1047 2711 Carcbaiiae
1064 2630 1183 2732 piscis,
1208 2659 1262 2710 aut
1282 2636 1384 2709 lamiae
1426 2639 1460 2706 ui
1480 2639 1547 2711 uni

180 2755 265 2802 cum
283 2732 393 2830 argilla
408 2731 499 2821 alba,
513 2758 551 2804 eir
565 2734 630 2828 qud
644 2753 713 2806 tota
730 2728 830 2805 insula
845 2731 987 2816 coaluit,
1000 2735 1034 2802 iti
1046 2729 1185 2826 lapidem
1199 2727 1269 2805 sunt
1284 2662 1439 2808 conversi.
1453 2732 1548 2804 Alio-

181 2851 261 2898 rum
274 2852 406 2925 quoque
422 2827 555 2925 piscium
575 2829 683 2901 dentes
699 2828 743 2900 ibi
764 2849 937 2899 occurrunt
954 2846 988 2900 ut
1000 2823 1141 2922 squamae
1166 2832 1338 2901 Hetinac'ei
1351 2831 1467 2901 marini
1477 2851 1548 2903 riiut

130 2949 133 2956 ·
179 2922 358 3026 facultate,
377 2949 445 2996 tum
457 2926 575 2996 aculeis
586 2925 751 3009 destitutae,
766 2949 830 3019 quq
844 2920 1023 2998 mirabilem
1042 2916 1265 3018 praeseferunt
1283 2923 1421 2993 formam
1438 2958 1448 3010 ;
1468 2949 1549 2994 coti·

181 3016 296 3115 chylia
316 3024 416 3115 qu'am
435 3019 594 3118 plurima,
617 3019 826 3092 coralliorum
843 3022 946 3105 rami,
966 3017 1030 3088 olla
1056 3011 1201 3113 piscium.
1225 3019 1390 3091 Interdum
1407 3014 1473 3089 sola
1489 3043 1549 3089 oc·

181 3120 289 3186 currit
303 3137 385 3187 terra
398 3123 447 3186 cui
463 3116 633 3214 conchylia
648 3140 777 3215 urrypo
788 3113 859 3189 sunt
870 3112 1016 3209 impressa
1031 3169 1041 3199 ,
1054 3135 1157 3279 capue
1181 3113 1391 3211 lapidescente
1405 3113 1552 3211 conchy-

185 3210 232 3282 lia
245 3209 310 3309 ipsa
326 3207 396 3282 sunt
408 3211 592 3309 perrefadta.
619 3218 701 3285 Hac
717 3224 828 3309 utique
843 3208 941 3302 insule
955 3210 1092 3283 Meliten
1107 3233 1131 3279 is
1143 3205 1311 3304 fingularia
1323 3206 1457 3282 studiose
1472 3236 1549 3283 eita-

187 3311 312 3379 minata
330 3316 363 3379 ἃ
379 3309 504 3405 depicta
521 3306 592 3379 sunt
605 3314 627 3382 a
642 3311 767 3406 pistore
782 3306 897 3382 iralico
911 3307 1091 3402 Augustino
1112 3304 1208 3379 Seilli
1226 3312 1257 3378 iii
1272 3303 1355 3377 libio
1371 3311 1427 3377 cui
1442 3304 1554 3379 titulus

186 3403 259 3489 cst,
285 3409 317 3467 V
317 3427 381 3470 aaa
390 3403 607 3494 speculatione
627 3405 856 3499 defingannata
872 3397 1036 3492 dassenfh.

249 3497 333 3571 lllud
348 3498 550 3570 manifestum
564 3501 609 3570 est
627 3502 693 3572 haec
710 3521 847 3596 corpora
865 3521 933 3571 non
951 3493 1072 3571 casu&
1094 3496 1215 3568 temere
1237 3489 1298 3564 effe
1318 3491 1479 3584 formata,
1497 3496 1555 3569 ubi

185 3619 270 3670 curn
285 3594 409 3686 plantis,
419 3594 468 3663 vel
486 3595 676 3667 animalibus
688 3618 829 3691 quorum
842 3590 984 3666 formam
994 3587 1167 3689 expressam
1180 3610 1306 3687 gerunt,
1320 3588 1527 3663 conferuntur
1544 3625 1556 3682 3
1618 3622 1621 3627 ·

187 3715 231 3762 ac
246 3688 375 3762 difficile
396 3692 527 3787 quidem
553 3693 597 3762 est
621 3691 781 3791 explicatu
800 3689 971 3785 quomodo
993 3688 1054 3759 illa:
1069 3684 1172 3757 iiisiilae
1199 3745 1209 3772 ,
1235 3709 1289 3754 aur
1310 3710 1485 3780 corporum
1519 3697 1554 3766 &

190 3808 356 3857 terrarum
383 3792 449 3856 uni
471 3784 729 3882 lapidseccntium
745 3784 848 3856 moles
868 3783 960 3881 supra
977 3790 1074 3856 maris
1096 3779 1292 3881 superficiem
1313 3779 1420 3850 attolli
1440 3806 1554 3878 potue.

191 3888 260 3952 rint
274 3909 285 3953 t
299 3879 350 3952 sed
369 3884 449 3955 illud
466 3885 626 3981 explicatu
647 3909 699 3956 ina
726 3887 732 3900 '
765 3879 1039 3953 arduumvidemr
1062 3937 1073 3968 ,
1093 3882 1302 3977 queramini
1322 3876 1384 3948 alia
1432 3881 1555 3952 uaedam

194 3986 385 4076 corpora‚iii
396 3979 503 4051 locisa
516 3987 594 4050 mari
603 3907 833 4078 procus'diffitis
845 3982 943 4055 etiam
955 3976 1123 4054 duiiffimit
1134 3979 1250 4049 inclusa
1259 3973 1335 4047 saxis
1346 3903 1555 4049 aursormata

194 4071 318 4144 fuerint
339 4100 395 4147 aut
411 4079 443 4145 in
457 4079 484 4147 la
511 4078 575 4145 ides
588 4071 739 4148 conversa
760 4085 872 4163 :cujus
889 4078 1015 4167 generis
1025 4072 1097 4144 sunt
1113 4098 1150 4145 ea
1165 4099 1301 4169 corpora
1320 4095 1392 4168 quae
1414 4076 1458 4142 D.
1472 4071 1509 4141 de
1524 4072 1556 4143 la

195 4173 282 4242 Hire
296 4197 406 4242 coram
421 4101 584 4259 exhibuit,
604 4171 706 4242 multa
719 4166 838 4239 scilicet
854 4164 1024 4264 conchylia
1045 4174 1081 4239 iis
1106 4166 1219 4239 similia
1264 4193 1310 4238 uae
1329 4173 1363 4239 iii
1389 4171 1483 4237 maris
1501 4166 1558 4239 lir-

193 4289 268 4339 tore
282 4291 467 4343 occorrunr.
489 4269 548 4338 illa
559 4269 688 4364 quidem
703 4287 828 4365 reperta
839 4262 1097 4356 suntmajoribus
1106 4262 1181 4334 saxis
1193 4194 1309 4335 inclusi
1319 4287 1412 4358 aeque
1421 4266 1558 4358 integra,

193 4388 235 4435 ac
255 4363 277 4434 si
295 4388 404 4435 recens
416 4361 565 4435 conclusa
582 4364 680 4435 essent
693 4367 775 4434 intra
788 4361 919 4434 casata.
959 4365 996 4429 lii
1013 4360 1171 4459 plerisque
1193 4383 1288 4460 typus
1301 4382 1427 4463 rantum
1448 4355 1559 4452 super-

195 4481 266 4530 erat
287 4461 329 4531 ad
352 4458 512 4531 concham
524 4460 680 4557 expressus
697 4516 708 4548 ‚
725 4464 761 4529 in
774 4461 965 4567 quaomnia
987 4459 1118 4529 conchae
1134 4456 1327 4527 lineamenta
1343 4448 1555 4551 apparebruit.

198 4561 241 4626 In
259 4556 437 4655 lapidicinis
458 4579 545 4626 extra
565 4553 749 4627 suburbium
762 4548 933 4652 §.jacobi
946 4557 991 4624 est
1011 4552 1112 4624 moles
1132 4554 1285 4648 quiedam·
1302 4549 1392 4623 saxea
1408 4544 1456 4618 bis
1475 4573 1556 4618 coii-

198 4651 316 4750 ebyliir
335 4653 451 4724 referta
467 4654 545 4721 odio
562 4649 612 4721 vel
624 4654 749 4722 circiter
762 4652 879 4763 digitos
891 4653 955 4724 alta
968 4655 1003 4721 in
1018 4655 1087 4720 irno
1102 4648 1131 4718 la
1156 4652 1277 4721 idicinae
1287 4682 1297 4738 3
1307 4668 1412 4740 caque
1424 4644 1464 4714 ad
1476 4643 1559 4715 durs

197 4746 303 4847 usque
316 4749 422 4822 leucas
437 4749 482 4823 est
499 4748 660 4847 portasi&
698 4751 782 4836 Hcs
797 4771 880 4833 intr
893 4750 972 4828 duat
988 4745 1092 4836 molet
1142 4747 1277 4817 modum
1291 4742 1561 4840 duraiimcrcipi-

1295 4842 1367 4939 Ppp
1384 4839 1419 4935 iij
