3646 5430
288 373 353 432 224
516 360 520 365 '
615 336 1308 417 REGIAE·SCIENT.IARUM

158 447 274 519 Anu.
288 449 431 531 restam,
445 466 513 537 quo
528 463 675 538 tempore
693 447 761 532 ejus
774 435 908 507 annulus
929 458 996 507 erat
1028 434 1118 504 valde
1140 432 1319 505 inclinatus.
1359 434 1448 514 Cum
1462 435 1533 534 ipso
1547 441 1643 539 igitur

104 574 108 583 ·
159 543 250 613 1681.
288 537 399 611 ltrbuit
416 535 652 610 obstruationes
666 559 729 634 ope
742 531 923 627 Telelcopii
945 561 993 626 40
1019 532 1137 624 pedum
1159 538 1180 600 a
1200 528 1641 640 1)..·ssotell0elabonti,&

287 641 321 708 in
334 661 406 707 area
418 631 639 708 Observarorii
652 654 731 702 tunc
745 624 901 729 expositi,
914 653 994 725 quas
1012 626 1131 724 scripto
1150 626 1299 708 tradidit.
1319 635 1352 701 &
1371 649 1405 696 ιιι
1424 630 1511 703 Acta
1536 632 1643 709 retulit

198 802 200 806 ,
289 756 364 803 cum
377 729 485 828 figuris
504 732 579 828 apti:
592 728 771 799 delineatis.
847 784 851 796 .

341 833 449 924 Hujus
461 824 518 897 scri
544 830 569 896 ti
589 822 655 895 haer
669 820 736 893 fere
755 818 879 892 summa
900 822 968 907 est,
990 843 1060 891 tum
1084 821 1211 892 Saturni
1227 814 1380 891 aranulum
1402 845 1441 893 ex
1498 825 1640 924 rteStp.

287 923 473 994 tentrionali
495 854 596 1017 glbbo
611 915 802 988 insistentem
819 913 943 1004 visum,
959 943 1000 987 ex
1016 940 1105 1013 parte
1123 908 1269 1012 opposita
1290 909 1346 983 sub
1370 942 1411 990 eo
1438 847 1637 1016 gallum:

286 1016 330 1088 fic
354 1043 462 1089 tamen
486 1040 522 1087 ut
545 1013 662 1086 umbra
680 1008 771 1111 globi
782 1016 817 1082 in
829 1011 987 1082 annulum
1002 1014 1144 1109 projtbia
1163 1005 1332 1081 manifesto
1345 1036 1540 1090 cerneretur.
1557 1023 1635 1096 2.1n

286 1118 417 1185 Saturni
441 1110 543 1212 globo
560 1106 656 1181 fascia
678 1106 824 1204 quadam
840 1101 1005 1218 obscurior
1024 1133 1125 1203 prope
1147 1130 1221 1177 eum
1234 1103 1345 1213 locum
1359 1113 1415 1203 qui
1427 1109 1632 1220 annulumte·

285 1205 760 1399 {llssaflf‘illlss‘li
773 1198 1631 1395 rillia‘li..iglilffilllffll‘iiffi‘ll

289 1426 342 1472 ma
356 1405 504 1497 apparuit
526 1425 535 1470 r
553 1394 603 1468 sed
621 1421 692 1497 pars
705 1393 797 1490 globi
812 1393 887 1465 huic
899 1390 1090 1489 superposita
1112 1392 1210 1491 paulo
1227 1386 1391 1503 obscurior
1405 1398 1511 1493 quam
1529 1419 1629 1487 antea,

287 1521 361 1596 pars
374 1495 484 1567 itidem
499 1492 611 1565 annuli
624 1495 762 1563 exterior
772 1487 884 1563 minrls'
893 1487 1052 1588 splendida
1065 1496 1167 1586 quim
1181 1493 1314 1559 interior
1323 1487 1503 1567 videbatur.

336 1595 393 1666 11.
421 1594 497 1687 Jam
517 1612 611 1661 antea
635 1611 724 1657 armo
748 1583 868 1657 scilicet
884 1594 966 1673 1677
983 1591 1076 1656 Zona
1091 1585 1145 1654 illa
1159 1581 1298 1654 furrata
1316 1585 1360 1658 D.
1378 1581 1512 1661 Caffuo
1531 1584 1631 1683 absa.

288 1712 361 1760 vata
376 1743 386 1774 ,
407 1713 477 1783 qua
492 1683 673 1758 observatio
685 1688 719 1752 in
729 1685 935 1755 Eruditotum
944 1679 1168 1776 Ephemerider
1186 1681 1263 1750 anni
1277 1692 1362 1768 1677
1376 1681 1478 1755 relata
1488 1685 1634 1771 effitiun-

289 1807 353 1880 que
372 1782 507 1854 annulus
519 1783 559 1852 acl
574 1786 749 1855 maximam
772 1803 852 1875 pene
879 1775 1125 1881 amplitudinem
1146 1768 1234 1847 luam
1247 1797 1459 1872 pervenerat,
1482 1802 1523 1851 ac
1545 1803 1634 1877 propo

290 1903 436 1951 centrum
453 1880 582 1949 Saturni
601 1875 696 1948 fascia
711 1873 929 1970 pertransibat.
962 1873 1069 1944 Rana
1086 1895 1193 1943 tamen
1206 1874 1377 1968 apparuit:
1405 1872 1631 1949 obortura

289 1974 375 2046 illios
403 1999 474 2070 qua
492 1973 627 2071 globum
643 1976 770 2041 Saturni
791 1968 940 2069 cingebat
963 1967 1060 2040 Polus
1083 1982 1228 2038 extremo
1248 1963 1333 2038 illini
1348 1963 1427 2040 disci
1445 1966 1550 2043 limbo
1601 1996 1636 2043 u·

289 2075 393 2142 ximus
404 2069 549 2139 existeret
563 2125 574 2155 ,
588 2064 731 2138 multulm
743 2065 784 2136 ab
798 2065 908 2135 annuli
921 2063 1014 2161 iplius
1027 2062 1110 2134 Polo
1122 2060 1243 2135 drffirus
1252 2118 1264 2149 ,
1274 2065 1331 2156 qui
1346 2088 1387 2149 ιο
1395 2063 1549 2162 gradibus
1570 2089 1638 2163 uper

156 2176 160 2184 '
289 2190 366 2236 eum
387 2161 527 2234 limbum
550 2161 688 2233 sublatus
711 2184 790 2234 erat.
818 2161 956 2241 Eandem
973 2183 1104 2254 quoque
1125 2158 1249 2230 viderat
1270 2151 1403 2233 fasciam
1424 2186 1504 2233 cum
1518 2160 1640 2237 amulas

290 2261 373 2331 adeo
388 2260 652 2330 contrastuserat
672 2313 684 2344 ,
706 2280 743 2326 ut
762 2254 878 2353 globus
891 2261 1055 2348 utrimque
1067 2258 1263 2349 promineret
1283 2279 1294 2324 a
1314 2275 1384 2325 tum
1404 2261 1496 2331 enim
1516 2263 1553 2331 in
1570 2255 1641 2330 linea

171 2379 175 2386 ’
293 2350 463 2441 ansarum,
479 2378 514 2423 ut
534 2357 568 2425 in
586 2353 799 2450 eolem'pene
815 2348 875 2420 fim
889 2349 991 2449 posita
1011 2348 1107 2422 fascia
1120 2345 1318 2423 cernebatur.
1340 2353 1464 2452 Sepitss
1482 2376 1643 2433 carucca-

291 2447 413 2550 spexit,
435 2445 568 2520 seduna
596 2473 672 2517 uam
684 2472 725 2518 eo
738 2452 771 2517 in
793 2447 870 2517 loco
882 2451 998 2541 inquo
1017 2449 1068 2518 dic
1085 2478 1100 2518 2
1115 2450 1227 2518 Martii
1239 2443 1387 2532 extabat,
1406 2471 1481 2522 tarn
1501 2446 1640 2550 proorla

292 2570 405 2619 centro
417 2544 507 2643 globi
521 2475 623 2618 dillita
642 2570 652 2614 ε
668 2569 744 2613 curn
766 2568 836 2642 pars
852 2542 964 2613 annuli
977 2541 1129 2614 Australis
1141 2542 1349 2641 posteriorem
1365 2545 1499 2617 Saturni
1515 2567 1641 2646 patrm,

294 2641 434 2713 Borealis
452 2645 647 2711 anteriorem
661 2636 703 2708 fic
717 2643 918 2734 contingeret
932 2693 942 2723 ,
962 2661 998 2708 ut
1010 2633 1173 2734 utriusque
1187 2633 1300 2709 divisio
1313 2634 1370 2708 sub
1389 2639 1644 2735 oculorcaderet,

292 2761 332 2808 ac
344 2737 436 2835 globi
449 2734 564 2806 umbra
578 2740 612 2804 in
625 2735 833 2831 posteriorem
845 2733 954 2803 annuli
970 2757 1094 2831 partem
1119 2733 1263 2832 projel‘ia
1287 2728 1393 2807 versus
1419 2739 1595 2813 Orientem
1612 2762 1644 2812 ta

291 2832 515 2929 magnitudine
537 2854 702 2944 appareret
719 2856 818 2942 quarn
838 2827 984 2940 exigebat
1002 2830 1137 2928 angulus
1161 2828 1215 2900 ille
1232 2851 1331 2941 quem
1351 2833 1430 2942 radii
1449 2824 1582 2944 gisuales
1602 2836 1646 2946 ‚ad

293 2923 1647 3125 {llffffalll‘lffllqffl{lllllalllsstl‘lll‘alffil'llll

294 3117 438 3190 Riccioli
456 3119 647 3190 nullomodo
661 3117 811 3193 cohaetet.
837 3123 906 3189 Hic
916 3120 1003 3188 euim
1016 3117 1170 3188 annulum
1182 3116 1328 3214 ellipticae
1341 3114 1451 3218 figur:
1462 3145 1504 3195 cx
1517 3143 1646 3221 utraque

293 3220 557 3311 parte,anteriore
570 3220 725 3285 nimirum
738 3223 771 3287 δι
785 3211 960 3312 posteriore
977 3212 1079 3308 globo
1091 3210 1149 3310 ipsi
1160 3232 1320 3285 annexum
1338 3236 1454 3315 putat,
1471 3238 1585 3290 contra
1597 3239 1645 3298 ιιι·Ι

294 3334 360 3406 que
374 3314 544 3409 Hugouius
557 3317 592 3383 itt
605 3311 661 3382 suo
676 3309 827 3408 praeclaro
840 3313 968 3379 Saturni
983 3307 1149 3476 spumare
1159 3312 1285 3396 statuit,
1298 3309 1395 3476 idgue
1408 3336 1486 3385 cunr
1501 3307 1644 3386 observa-

293 3404 436 3476 tionibus
449 3413 586 3478 omnino
599 3412 771 3493 convenit,
789 3404 944 3498 annulum
958 3397 1002 3474 sci
1018 3409 1079 3476 'cet
1094 3405 1256 3478 circularis
1263 3402 1324 3478 elle

294 3504 424 3574 Saturni
441 3508 530 3572 omni
546 3529 585 3574 ex
599 3523 687 3600 parte
700 3498 890 3598 sejunclum.

340 3604 400 3670 111.
421 3603 502 3670 Haec
517 3599 730 3673 Phaenomena
746 3599 809 3668 risa
823 3596 893 3667 sunt
904 3596 946 3669 ab
957 3606 996 3671 iis
1010 3606 1066 3697 qui
1075 3624 1145 3672 tum
1154 3600 1283 3672 aderant
1295 3661 1306 3691 ,
1317 3606 1399 3675 inter
1411 3625 1497 3699 quos
1515 3605 1566 3674 uit
1576 3600 1640 3676 lau-

294 3696 387 3767 datus
408 3699 455 3767 D.
470 3697 581 3774 Facio,
602 3699 657 3791 qui
674 3693 886 3765 Astronomiae
905 3696 1007 3767 studio
1021 3694 1164 3768 incensus
1176 3694 1494 3786 hucadvenerat,ut
1516 3702 1552 3769 in
1572 3695 1640 3774 ob

294 3789 469 3860 servatorio
483 3784 512 3859 se
525 3811 705 3875 exerceret,
721 3792 826 3859 omnis
846 3796 969 3885 generis
986 3791 1204 3863 instrumentis
1215 3797 1248 3863 in
1263 3817 1336 3863 earn
1354 3817 1423 3865 rem
1438 3796 1635 3893 compararit

173 3932 181 3962 t
297 3888 366 3955 Hic
377 3883 485 3951 annuli
502 3883 638 3980 liguram
655 3882 802 3954 accurati
813 3882 991 3983 descripsit,
1009 3909 1106 3982 atque
1117 3882 1182 3984 ipse
1195 3883 1301 3958 secum
1322 3889 1354 3960 id
1365 3914 1399 3960 re
1421 3887 1635 3988 oravit,qnod

297 3974 583 4049 fiSatumuscirra
600 3975 690 4048 suum
702 4001 793 4048 atem
807 3985 864 4076 qui
879 3984 917 4051 ad
926 3982 1035 4053 annuli
1050 4006 1141 4052 axem
1161 3979 1197 4052 srt
1233 3914 1476 4079 erpendicularis
1490 3984 1635 4070 volvatur,

286 4071 372 4145 *fore
385 4094 419 4140 ut
431 4068 547 4160 fascia,
566 4081 653 4157 cujus
669 4077 733 4144 axis
746 4073 885 4145 multum
896 4075 940 4145 est
953 4077 994 4149 ab
1007 4103 1064 4147 axe
1076 4078 1184 4148 annuli
1201 4010 1322 4148 liffitus
1332 4136 1343 4166 ,
1355 4084 1388 4148 in
1396 4104 1461 4150 una
1475 4076 1634 4151 revolutio·

298 4193 340 4241 ne
359 4169 446 4238 varii
459 4167 637 4239 inclinetur.
668 4173 778 4266 Qare
790 4173 959 4262 interjecto
975 4155 1113 4269 quatitur
1135 4175 1288 4244 horarum
1306 4172 1408 4271 spatio
1426 4174 1541 4246 eadem
1556 4171 1634 4246 fascia

298 4265 362 4335 fuit
379 4268 494 4333 iternm
512 4259 675 4335 observata
689 4321 700 4352 ‚
712 4271 783 4362 quae
795 4266 910 4338 eodem
920 4266 1044 4365 prorsus
1053 4274 1085 4340 in
1095 4269 1213 4340 loro&
1230 4265 1288 4336 situ
1302 4269 1366 4340 visa
1383 4268 1441 4343 est.
1471 4275 1517 4342 Ex
1534 4268 1634 4367 quoii

300 4356 486 4431 conclusum
499 4357 541 4430 ab
565 4385 606 4431 eo
621 4360 683 4433 fuit
707 4382 763 4433 aut
781 4365 955 4432 Saturnum
976 4389 1018 4434 eo
1037 4370 1191 4464 temporis
1214 4363 1385 4435 intervallo
1402 4363 1541 4438 seufibili
1557 4386 1633 4437 motu

298 4460 383 4526 eirca
393 4450 427 4523 se
440 4458 550 4527 aetum
565 4482 630 4526 non
643 4457 758 4549 inille,
775 4476 831 4527 aut
842 4481 918 4528 cum
933 4465 1017 4531 circa
1033 4461 1151 4533 Polum
1162 4459 1254 4556 hujus
1266 4455 1576 4536 fasciremultrlmab
1587 4484 1634 4538 ant

297 4549 365 4623 nuli
387 4550 468 4623 Polo
482 4551 623 4624 diffitum
640 4558 825 4652 circumagi.
1623 4559 1632 4571 ’

346 4654 404 4721 lv.
432 4649 560 4720 Saturni
577 4653 655 4720 verri
675 4650 811 4749 globum
829 4655 951 4723 circum
965 4678 1057 4728 axem
1071 4653 1127 4726 fibi
1141 4657 1307 4754 proprium
1317 4661 1398 4729 verti
1409 4656 1464 4729 rel
1480 4655 1637 4732 bocum

295 4740 468 4850 persuasit,
485 4747 576 4846 quod
592 4749 627 4820 in
644 4742 783 4851 lectudo
795 4744 857 4820 hac
871 4745 1093 4846 observatione
1105 4749 1242 4852 spatium
1252 4758 1336 4827 inter
1345 4751 1568 4861 obscuriorem
1565 4744 1637 4931 gp

1359 3430 1462 3506 guroe,
1470 3416 1505 3485 δι
1518 3405 1644 3510 agluba
