<?xml version="1.0" encoding="UTF-8"?>
<!DOCTYPE html PUBLIC "-//W3C//DTD XHTML 1.0 Transitional//EN"
    "http://www.w3.org/TR/xhtml1/DTD/xhtml1-transitional.dtd">
<html xmlns="http://www.w3.org/1999/xhtml" xml:lang="en" lang="en">
 <head>
  <title>
</title>
<meta http-equiv="Content-Type" content="text/html;charset=utf-8" />
  <meta name='ocr-system' content='tesseract 3.04.00' />
  <meta name='ocr-capabilities' content='ocr_page ocr_carea ocr_par ocr_line ocrx_word'/>
</head>
<body>
  <div class='ocr_page' id='page_1' title='image "./historia00hamegoog_0442.png"; bbox 0 0 3646 5430; ppageno 0'>
   <div class='ocr_carea' id='block_1_1' title="bbox 163 331 1654 797">
    <p class='ocr_par' dir='ltr' id='par_1_1' title="bbox 163 331 1654 797">
     <span class='ocr_line' id='line_1_1' title="bbox 163 331 1352 517; baseline -0.025 -78"><span class='ocrx_word' id='word_1_1' title='bbox 163 373 368 517; x_wconf 44' lang='lat' dir='ltr'>&#39;handu‘</span> <span class='ocrx_word' id='word_1_2' title='bbox 488 448 495 464; x_wconf 92' lang='lat'>.</span> <span class='ocrx_word' id='word_1_3' title='bbox 597 331 865 460; x_wconf 26' lang='lat' dir='ltr'>‘Recte&#39;</span> <span class='ocrx_word' id='word_1_4' title='bbox 899 337 1352 458; x_wconf 65' lang='lat' dir='ltr'>sclrnrllnusr</span> 
     </span>
     <span class='ocr_line' id='line_1_2' title="bbox 274 432 1654 605; baseline -0.013 -87"><span class='ocrx_word' id='word_1_5' title='bbox 274 495 285 518; x_wconf 92' lang='lat'>.</span> <span class='ocrx_word' id='word_1_6' title='bbox 319 472 348 518; x_wconf 82' lang='lat' dir='ltr'>re</span> <span class='ocrx_word' id='word_1_7' title='bbox 364 439 666 534; x_wconf 78' lang='lat' dir='ltr'>Sabbatr,&amp;dre13</span> <span class='ocrx_word' id='word_1_8' title='bbox 686 438 805 605; x_wconf 67' lang='lat' dir='ltr'>Aprilis</span> <span class='ocrx_word' id='word_1_9' title='bbox 816 459 984 509; x_wconf 87' lang='lat' dir='ltr'>occurrere</span> <span class='ocrx_word' id='word_1_10' title='bbox 998 495 1009 527; x_wconf 93' lang='lat'>,</span> <span class='ocrx_word' id='word_1_11' title='bbox 1025 437 1082 510; x_wconf 84' lang='lat' dir='ltr'>nrfi</span> <span class='ocrx_word' id='word_1_12' title='bbox 1093 450 1130 533; x_wconf 83' lang='lat'>56</span> <span class='ocrx_word' id='word_1_13' title='bbox 1140 464 1232 512; x_wconf 86' lang='lat' dir='ltr'>amus</span> <span class='ocrx_word' id='word_1_14' title='bbox 1248 438 1392 513; x_wconf 83' lang='lat' dir='ltr'>velante</span> <span class='ocrx_word' id='word_1_15' title='bbox 1406 432 1485 524; x_wconf 81' lang='lat' dir='ltr'>,vel</span> <span class='ocrx_word' id='word_1_16' title='bbox 1501 435 1654 551; x_wconf 28' lang='lat' dir='ltr'>post-hm</span> 
     </span>
     <span class='ocr_line' id='line_1_3' title="bbox 165 547 809 797; baseline -0.026 -78"><span class='ocrx_word' id='word_1_17' title='bbox 165 553 261 627; x_wconf 76' lang='lat'>&#39;⁴⁹⁶&#39;</span> <span class='ocrx_word' id='word_1_18' title='bbox 296 547 809 797; x_wconf 49' lang='grc' dir='ltr'><strong>ἶωιηῗΐὲΐζῗιᾞὲῗὲξὲροιιι.</strong></span> 
     </span>
    </p>
   </div>
   <div class='ocr_carea' id='block_1_2' title="bbox 746 532 1656 636">
    <p class='ocr_par' dir='ltr' id='par_1_2' title="bbox 746 532 1656 636">
     <span class='ocr_line' id='line_1_4' title="bbox 746 532 1656 636; baseline 0.011 -31"><span class='ocrx_word' id='word_1_19' title='bbox 746 533 832 605; x_wconf 90' lang='lat' dir='ltr'>hristi</span> <span class='ocrx_word' id='word_1_20' title='bbox 848 557 906 607; x_wconf 80' lang='grc' dir='ltr'>ιιι</span> <span class='ocrx_word' id='word_1_21' title='bbox 920 534 1005 607; x_wconf 90' lang='lat' dir='ltr'>idem</span> <span class='ocrx_word' id='word_1_22' title='bbox 1016 532 1078 608; x_wconf 88' lang='lat' dir='ltr'>suit</span> <span class='ocrx_word' id='word_1_23' title='bbox 1087 538 1185 636; x_wconf 89' lang='lat' dir='ltr'>primi</span> <span class='ocrx_word' id='word_1_24' title='bbox 1200 535 1377 610; x_wconf 80' lang='lat' dir='ltr'>Alexandri</span> <span class='ocrx_word' id='word_1_25' title='bbox 1385 537 1593 634; x_wconf 68' lang='lat' dir='ltr'>Imperatores</span> <span class='ocrx_word' id='word_1_26' title='bbox 1596 592 1611 627; x_wconf 87' lang='lat'>,</span> <span class='ocrx_word' id='word_1_27' title='bbox 1625 546 1656 615; x_wconf 80' lang='lat' dir='ltr'>dt</span> 
     </span>
    </p>
   </div>
   <div class='ocr_carea' id='block_1_3' title="bbox 210 724 1658 4553">
    <p class='ocr_par' dir='ltr' id='par_1_3' title="bbox 292 724 1658 2808">
     <span class='ocr_line' id='line_1_5' title="bbox 343 724 1655 828; baseline -0.001 -27"><span class='ocrx_word' id='word_1_28' title='bbox 343 737 413 807; x_wconf 87' lang='lat' dir='ltr'>lv.</span> <span class='ocrx_word' id='word_1_29' title='bbox 449 737 569 828; x_wconf 85' lang='lat' dir='ltr'>Neque</span> <span class='ocrx_word' id='word_1_30' title='bbox 586 735 676 827; x_wconf 86' lang='lat' dir='ltr'>Epoc</span> <span class='ocrx_word' id='word_1_31' title='bbox 699 753 719 798; x_wconf 91' lang='lat' dir='ltr'>a</span> <span class='ocrx_word' id='word_1_32' title='bbox 735 750 836 798; x_wconf 85' lang='lat' dir='ltr'>tuma</span> <span class='ocrx_word' id='word_1_33' title='bbox 861 731 926 801; x_wconf 92' lang='lat' dir='ltr'>tior</span> <span class='ocrx_word' id='word_1_34' title='bbox 946 727 1142 800; x_wconf 86' lang='lat' dir='ltr'>Calendario</span> <span class='ocrx_word' id='word_1_35' title='bbox 1156 730 1314 801; x_wconf 88' lang='lat' dir='ltr'>Romano</span> <span class='ocrx_word' id='word_1_36' title='bbox 1322 724 1416 824; x_wconf 83' lang='lat' dir='ltr'>seligi</span> <span class='ocrx_word' id='word_1_37' title='bbox 1431 729 1655 825; x_wconf 77' lang='lat' dir='ltr'>potuicrNan</span> 
     </span>
     <span class='ocr_line' id='line_1_6' title="bbox 295 754 1656 926; baseline -0.001 -29"><span class='ocrx_word' id='word_1_38' title='bbox 295 833 419 926; x_wconf 86' lang='lat' dir='ltr'>primus</span> <span class='ocrx_word' id='word_1_39' title='bbox 443 830 508 898; x_wconf 91' lang='lat' dir='ltr'>dies</span> <span class='ocrx_word' id='word_1_40' title='bbox 534 829 610 896; x_wconf 86' lang='lat' dir='ltr'>anni</span> <span class='ocrx_word' id='word_1_41' title='bbox 632 851 690 897; x_wconf 83' lang='lat'>222</span> <span class='ocrx_word' id='word_1_42' title='bbox 715 823 801 894; x_wconf 89' lang='lat' dir='ltr'>idem</span> <span class='ocrx_word' id='word_1_43' title='bbox 831 754 893 895; x_wconf 69' lang='lat' dir='ltr'>linit</span> <span class='ocrx_word' id='word_1_44' title='bbox 912 828 1032 917; x_wconf 86' lang='lat' dir='ltr'>primus</span> <span class='ocrx_word' id='word_1_45' title='bbox 1052 826 1176 912; x_wconf 82' lang='lat' dir='ltr'>Lunae,</span> <span class='ocrx_word' id='word_1_46' title='bbox 1207 821 1262 892; x_wconf 90' lang='lat' dir='ltr'>seu</span> <span class='ocrx_word' id='word_1_47' title='bbox 1278 829 1408 923; x_wconf 88' lang='lat' dir='ltr'>primus</span> <span class='ocrx_word' id='word_1_48' title='bbox 1437 821 1512 920; x_wconf 88' lang='lat' dir='ltr'>post</span> <span class='ocrx_word' id='word_1_49' title='bbox 1536 822 1656 895; x_wconf 70' lang='lat' dir='ltr'>mdan</span> 
     </span>
     <span class='ocr_line' id='line_1_7' title="bbox 297 914 1656 1018; baseline -0.005 -25"><span class='ocrx_word' id='word_1_50' title='bbox 297 928 565 1016; x_wconf 74' lang='lat' dir='ltr'>conjunstionem</span> <span class='ocrx_word' id='word_1_51' title='bbox 589 924 686 990; x_wconf 81' lang='lat' dir='ltr'>Luna:</span> <span class='ocrx_word' id='word_1_52' title='bbox 711 941 786 989; x_wconf 87' lang='lat' dir='ltr'>cum</span> <span class='ocrx_word' id='word_1_53' title='bbox 803 919 908 1006; x_wconf 90' lang='lat' dir='ltr'>Sole,</span> <span class='ocrx_word' id='word_1_54' title='bbox 936 943 1006 1015; x_wconf 84' lang='lat' dir='ltr'>quae</span> <span class='ocrx_word' id='word_1_55' title='bbox 1022 919 1124 1018; x_wconf 88' lang='lat' dir='ltr'>pridie</span> <span class='ocrx_word' id='word_1_56' title='bbox 1138 922 1330 1016; x_wconf 86' lang='lat' dir='ltr'>contigerat.</span> <span class='ocrx_word' id='word_1_57' title='bbox 1373 923 1495 1017; x_wconf 83' lang='lat' dir='ltr'>Atque</span> <span class='ocrx_word' id='word_1_58' title='bbox 1520 914 1656 987; x_wconf 86' lang='lat' dir='ltr'>hincm-</span> 
     </span>
     <span class='ocr_line' id='line_1_8' title="bbox 300 1012 1656 1112; baseline -0.005 -23"><span class='ocrx_word' id='word_1_59' title='bbox 300 1022 456 1092; x_wconf 87' lang='lat' dir='ltr'>merando</span> <span class='ocrx_word' id='word_1_60' title='bbox 469 1012 589 1087; x_wconf 89' lang='lat' dir='ltr'>menses</span> <span class='ocrx_word' id='word_1_61' title='bbox 604 1018 743 1086; x_wconf 81' lang='lat' dir='ltr'>Lunares</span> <span class='ocrx_word' id='word_1_62' title='bbox 756 1012 939 1086; x_wconf 77' lang='lat' dir='ltr'>alternatim</span> <span class='ocrx_word' id='word_1_63' title='bbox 959 1015 1072 1112; x_wconf 85' lang='lat' dir='ltr'>plenos</span> <span class='ocrx_word' id='word_1_64' title='bbox 1088 1045 1150 1107; x_wconf 83' lang='lat'>30,</span> <span class='ocrx_word' id='word_1_65' title='bbox 1168 1023 1203 1088; x_wconf 91' lang='lat'>&amp;</span> <span class='ocrx_word' id='word_1_66' title='bbox 1225 1038 1323 1084; x_wconf 84' lang='lat' dir='ltr'>cavos</span> <span class='ocrx_word' id='word_1_67' title='bbox 1346 1043 1389 1105; x_wconf 84' lang='lat'>²9</span> <span class='ocrx_word' id='word_1_68' title='bbox 1420 1017 1574 1098; x_wconf 88' lang='lat' dir='ltr'>dierum,</span> <span class='ocrx_word' id='word_1_69' title='bbox 1592 1036 1656 1082; x_wconf 88' lang='lat' dir='ltr'>con-</span> 
     </span>
     <span class='ocr_line' id='line_1_9' title="bbox 299 1109 1654 1210; baseline -0.001 -29"><span class='ocrx_word' id='word_1_70' title='bbox 299 1115 482 1209; x_wconf 69' lang='lat' dir='ltr'>junsiiones</span> <span class='ocrx_word' id='word_1_71' title='bbox 508 1109 674 1207; x_wconf 88' lang='lat' dir='ltr'>sequentes</span> <span class='ocrx_word' id='word_1_72' title='bbox 700 1133 905 1199; x_wconf 89' lang='lat' dir='ltr'>occurmnt,</span> <span class='ocrx_word' id='word_1_73' title='bbox 948 1135 996 1197; x_wconf 89' lang='lat'>30</span> <span class='ocrx_word' id='word_1_74' title='bbox 1027 1114 1202 1210; x_wconf 85' lang='lat' dir='ltr'>Januarii,</span> <span class='ocrx_word' id='word_1_75' title='bbox 1234 1113 1286 1182; x_wconf 83' lang='lat'>28</span> <span class='ocrx_word' id='word_1_76' title='bbox 1322 1111 1500 1181; x_wconf 79' lang='lat' dir='ltr'>Februarii</span> <span class='ocrx_word' id='word_1_77' title='bbox 1527 1164 1539 1195; x_wconf 91' lang='lat'>,</span> <span class='ocrx_word' id='word_1_78' title='bbox 1565 1115 1597 1180; x_wconf 81' lang='lat' dir='ltr'>dt</span> <span class='ocrx_word' id='word_1_79' title='bbox 1620 1134 1654 1204; x_wconf 74' lang='lat'>30</span> 
     </span>
     <span class='ocr_line' id='line_1_10' title="bbox 302 1204 1657 1304; baseline -0.005 -25"><span class='ocrx_word' id='word_1_80' title='bbox 302 1213 430 1283; x_wconf 86' lang='lat' dir='ltr'>Martii.</span> <span class='ocrx_word' id='word_1_81' title='bbox 465 1213 518 1279; x_wconf 84' lang='lat' dir='ltr'>Sic</span> <span class='ocrx_word' id='word_1_82' title='bbox 539 1210 660 1304; x_wconf 90' lang='lat' dir='ltr'>primus</span> <span class='ocrx_word' id='word_1_83' title='bbox 681 1207 745 1275; x_wconf 89' lang='lat' dir='ltr'>dies</span> <span class='ocrx_word' id='word_1_84' title='bbox 771 1209 912 1294; x_wconf 88' lang='lat' dir='ltr'>Martii,</span> <span class='ocrx_word' id='word_1_85' title='bbox 935 1207 1021 1278; x_wconf 92' lang='lat' dir='ltr'>idem</span> <span class='ocrx_word' id='word_1_86' title='bbox 1042 1230 1177 1304; x_wconf 92' lang='lat' dir='ltr'>quoque</span> <span class='ocrx_word' id='word_1_87' title='bbox 1198 1204 1259 1277; x_wconf 88' lang='lat' dir='ltr'>suit</span> <span class='ocrx_word' id='word_1_88' title='bbox 1287 1209 1420 1303; x_wconf 88' lang='lat' dir='ltr'>primus</span> <span class='ocrx_word' id='word_1_89' title='bbox 1437 1209 1564 1290; x_wconf 81' lang='lat' dir='ltr'>Lunae,</span> <span class='ocrx_word' id='word_1_90' title='bbox 1586 1204 1657 1297; x_wconf 89' lang='lat' dir='ltr'>quod</span> 
     </span>
     <span class='ocr_line' id='line_1_11' title="bbox 301 1296 1656 1400; baseline -0.004 -26"><span class='ocrx_word' id='word_1_91' title='bbox 301 1304 440 1399; x_wconf 82' lang='lat' dir='ltr'>Epochae</span> <span class='ocrx_word' id='word_1_92' title='bbox 461 1299 621 1375; x_wconf 83' lang='lat' dir='ltr'>calculum</span> <span class='ocrx_word' id='word_1_93' title='bbox 647 1296 764 1400; x_wconf 86' lang='lat' dir='ltr'>praebet</span> <span class='ocrx_word' id='word_1_94' title='bbox 788 1305 1055 1396; x_wconf 85' lang='lat' dir='ltr'>percommodum</span> <span class='ocrx_word' id='word_1_95' title='bbox 1079 1360 1090 1391; x_wconf 91' lang='lat'><strong>,</strong></span> <span class='ocrx_word' id='word_1_96' title='bbox 1111 1327 1147 1374; x_wconf 94' lang='lat' dir='ltr'>ut</span> <span class='ocrx_word' id='word_1_97' title='bbox 1167 1299 1334 1397; x_wconf 84' lang='lat' dir='ltr'>sequentes</span> <span class='ocrx_word' id='word_1_98' title='bbox 1364 1301 1559 1373; x_wconf 82' lang='lat' dir='ltr'>lunationes</span> <span class='ocrx_word' id='word_1_99' title='bbox 1582 1297 1656 1370; x_wconf 82' lang='lat' dir='ltr'>sadlt</span> 
     </span>
     <span class='ocr_line' id='line_1_12' title="bbox 301 1392 1656 1493; baseline -0.001 -25"><span class='ocrx_word' id='word_1_100' title='bbox 301 1399 505 1472; x_wconf 85' lang='lat' dir='ltr'>determinari</span> <span class='ocrx_word' id='word_1_101' title='bbox 531 1393 649 1493; x_wconf 85' lang='lat' dir='ltr'>poslmt</span> <span class='ocrx_word' id='word_1_102' title='bbox 673 1421 711 1467; x_wconf 80' lang='lat' dir='ltr'>ex</span> <span class='ocrx_word' id='word_1_103' title='bbox 732 1395 865 1468; x_wconf 79' lang='lat' dir='ltr'>Tabulis</span> <span class='ocrx_word' id='word_1_104' title='bbox 893 1397 1139 1472; x_wconf 78' lang='lat' dir='ltr'>Astronomicis.</span> <span class='ocrx_word' id='word_1_105' title='bbox 1181 1403 1246 1469; x_wconf 91' lang='lat' dir='ltr'>Die</span> <span class='ocrx_word' id='word_1_106' title='bbox 1269 1400 1309 1469; x_wconf 84' lang='lat'>28</span> <span class='ocrx_word' id='word_1_107' title='bbox 1334 1392 1513 1469; x_wconf 82' lang='lat' dir='ltr'>Februarii</span> <span class='ocrx_word' id='word_1_108' title='bbox 1530 1419 1595 1467; x_wconf 88' lang='lat' dir='ltr'>una</span> <span class='ocrx_word' id='word_1_109' title='bbox 1612 1392 1656 1466; x_wconf 79' lang='lat' dir='ltr'>ln·</span> 
     </span>
     <span class='ocr_line' id='line_1_13' title="bbox 301 1491 1655 1593; baseline -0.001 -30"><span class='ocrx_word' id='word_1_110' title='bbox 301 1517 335 1565; x_wconf 85' lang='lat' dir='ltr'>ra</span> <span class='ocrx_word' id='word_1_111' title='bbox 360 1519 434 1567; x_wconf 84' lang='lat' dir='ltr'>ante</span> <span class='ocrx_word' id='word_1_112' title='bbox 458 1493 626 1565; x_wconf 84' lang='lat' dir='ltr'>meridiem</span> <span class='ocrx_word' id='word_1_113' title='bbox 648 1500 721 1578; x_wconf 88' lang='lat'>&amp;7</span> <span class='ocrx_word' id='word_1_114' title='bbox 751 1496 882 1563; x_wconf 90' lang='lat' dir='ltr'>minutis</span> <span class='ocrx_word' id='word_1_115' title='bbox 905 1494 1022 1564; x_wconf 84' lang='lat' dir='ltr'>Romae</span> <span class='ocrx_word' id='word_1_116' title='bbox 1050 1498 1198 1593; x_wconf 84' lang='lat' dir='ltr'>contigit.</span> <span class='ocrx_word' id='word_1_117' title='bbox 1241 1497 1326 1589; x_wconf 70' lang='lat' dir='ltr'>Qua</span> <span class='ocrx_word' id='word_1_118' title='bbox 1351 1491 1499 1588; x_wconf 85' lang='lat' dir='ltr'>Epocha</span> <span class='ocrx_word' id='word_1_119' title='bbox 1521 1515 1592 1562; x_wconf 88' lang='lat' dir='ltr'>non</span> <span class='ocrx_word' id='word_1_120' title='bbox 1608 1495 1655 1562; x_wconf 86' lang='lat' dir='ltr'>rni-</span> 
     </span>
     <span class='ocr_line' id='line_1_14' title="bbox 303 1583 1656 1687; baseline 0.001 -30"><span class='ocrx_word' id='word_1_121' title='bbox 303 1613 357 1659; x_wconf 88' lang='lat' dir='ltr'>nus</span> <span class='ocrx_word' id='word_1_122' title='bbox 383 1616 457 1687; x_wconf 83' lang='lat' dir='ltr'>apra</span> <span class='ocrx_word' id='word_1_123' title='bbox 481 1590 526 1659; x_wconf 91' lang='lat' dir='ltr'>est</span> <span class='ocrx_word' id='word_1_124' title='bbox 545 1587 739 1658; x_wconf 83' lang='lat' dir='ltr'>Calendnrio</span> <span class='ocrx_word' id='word_1_125' title='bbox 762 1589 947 1673; x_wconf 79' lang='lat' dir='ltr'>Romano,</span> <span class='ocrx_word' id='word_1_126' title='bbox 973 1589 1074 1684; x_wconf 68' lang='lat' dir='ltr'>quiam</span> <span class='ocrx_word' id='word_1_127' title='bbox 1095 1616 1132 1660; x_wconf 88' lang='lat' dir='ltr'>ea</span> <span class='ocrx_word' id='word_1_128' title='bbox 1159 1614 1231 1686; x_wconf 83' lang='lat' dir='ltr'>quae</span> <span class='ocrx_word' id='word_1_129' title='bbox 1250 1593 1272 1658; x_wconf 76' lang='grc' dir='ltr'>ὲ</span> <span class='ocrx_word' id='word_1_130' title='bbox 1288 1586 1387 1684; x_wconf 91' lang='lat' dir='ltr'>Julio</span> <span class='ocrx_word' id='word_1_131' title='bbox 1411 1588 1543 1659; x_wconf 73' lang='lat' dir='ltr'>Caesare</span> <span class='ocrx_word' id='word_1_132' title='bbox 1562 1583 1656 1658; x_wconf 79' lang='lat' dir='ltr'>seltda</span> 
     </span>
     <span class='ocr_line' id='line_1_15' title="bbox 300 1683 1654 1781; baseline -0.002 -28"><span class='ocrx_word' id='word_1_133' title='bbox 300 1685 341 1754; x_wconf 87' lang='lat' dir='ltr'>est</span> <span class='ocrx_word' id='word_1_134' title='bbox 363 1712 451 1757; x_wconf 88' lang='lat' dir='ltr'>auno</span> <span class='ocrx_word' id='word_1_135' title='bbox 476 1715 537 1779; x_wconf 90' lang='lat'>44</span> <span class='ocrx_word' id='word_1_136' title='bbox 561 1705 635 1754; x_wconf 88' lang='lat' dir='ltr'>anre</span> <span class='ocrx_word' id='word_1_137' title='bbox 658 1683 824 1781; x_wconf 83' lang='lat' dir='ltr'>Epocham</span> <span class='ocrx_word' id='word_1_138' title='bbox 854 1683 987 1756; x_wconf 85' lang='lat' dir='ltr'>Christi.</span> <span class='ocrx_word' id='word_1_139' title='bbox 1020 1686 1161 1781; x_wconf 76' lang='lat' dir='ltr'>Qando</span> <span class='ocrx_word' id='word_1_140' title='bbox 1189 1709 1312 1755; x_wconf 87' lang='lat' dir='ltr'>annum</span> <span class='ocrx_word' id='word_1_141' title='bbox 1338 1685 1552 1754; x_wconf 88' lang='lat' dir='ltr'>Romanum</span> <span class='ocrx_word' id='word_1_142' title='bbox 1579 1685 1654 1778; x_wconf 86' lang='lat' dir='ltr'>,qni</span> 
     </span>
     <span class='ocr_line' id='line_1_16' title="bbox 295 1775 1658 1877; baseline 0 -29"><span class='ocrx_word' id='word_1_143' title='bbox 295 1803 370 1852; x_wconf 89' lang='lat' dir='ltr'>erat</span> <span class='ocrx_word' id='word_1_144' title='bbox 402 1784 519 1852; x_wconf 87' lang='lat' dir='ltr'>Luni-</span> <span class='ocrx_word' id='word_1_145' title='bbox 544 1778 701 1864; x_wconf 80' lang='lat' dir='ltr'>Soletis,</span> <span class='ocrx_word' id='word_1_146' title='bbox 738 1780 778 1849; x_wconf 89' lang='lat' dir='ltr'>ad</span> <span class='ocrx_word' id='word_1_147' title='bbox 804 1779 950 1849; x_wconf 84' lang='lat' dir='ltr'>Solarem</span> <span class='ocrx_word' id='word_1_148' title='bbox 978 1775 1034 1849; x_wconf 87' lang='lat' dir='ltr'>srm</span> <span class='ocrx_word' id='word_1_149' title='bbox 1059 1783 1155 1851; x_wconf 89' lang='lat' dir='ltr'>licem</span> <span class='ocrx_word' id='word_1_150' title='bbox 1190 1780 1351 1876; x_wconf 84' lang='lat' dir='ltr'>redegit,</span> <span class='ocrx_word' id='word_1_151' title='bbox 1387 1802 1539 1877; x_wconf 87' lang='lat' dir='ltr'>eumque</span> <span class='ocrx_word' id='word_1_152' title='bbox 1564 1775 1658 1848; x_wconf 77' lang='lat' dir='ltr'>debu</span> 
     </span>
     <span class='ocr_line' id='line_1_17' title="bbox 294 1808 1656 1973; baseline -0.002 -29"><span class='ocrx_word' id='word_1_153' title='bbox 294 1871 396 1973; x_wconf 60' lang='lat'>365}</span> <span class='ocrx_word' id='word_1_154' title='bbox 430 1879 604 1948; x_wconf 85' lang='lat' dir='ltr'>constituit.</span> <span class='ocrx_word' id='word_1_155' title='bbox 642 1878 788 1948; x_wconf 88' lang='lat' dir='ltr'>Primum</span> <span class='ocrx_word' id='word_1_156' title='bbox 814 1899 935 1945; x_wconf 87' lang='lat' dir='ltr'>annum</span> <span class='ocrx_word' id='word_1_157' title='bbox 964 1808 1138 1946; x_wconf 73' lang='lat' dir='ltr'>isoillitio</span> <span class='ocrx_word' id='word_1_158' title='bbox 1164 1872 1320 1973; x_wconf 86' lang='lat' dir='ltr'>Hyemali</span> <span class='ocrx_word' id='word_1_159' title='bbox 1344 1899 1525 1946; x_wconf 86' lang='lat' dir='ltr'>numerare</span> <span class='ocrx_word' id='word_1_160' title='bbox 1545 1869 1656 1973; x_wconf 85' lang='lat' dir='ltr'>potuis-</span> 
     </span>
     <span class='ocr_line' id='line_1_18' title="bbox 293 1963 1653 2067; baseline -0.002 -28"><span class='ocrx_word' id='word_1_161' title='bbox 293 1966 365 2059; x_wconf 90' lang='lat' dir='ltr'>set,</span> <span class='ocrx_word' id='word_1_162' title='bbox 390 1975 473 2042; x_wconf 89' lang='lat' dir='ltr'>uude</span> <span class='ocrx_word' id='word_1_163' title='bbox 496 1970 661 2065; x_wconf 86' lang='lat' dir='ltr'>sequentes</span> <span class='ocrx_word' id='word_1_164' title='bbox 689 1976 766 2039; x_wconf 86' lang='lat' dir='ltr'>anni</span> <span class='ocrx_word' id='word_1_165' title='bbox 793 1963 993 2066; x_wconf 83' lang='lat' dir='ltr'>incoepillent</span> <span class='ocrx_word' id='word_1_166' title='bbox 1020 1997 1029 2042; x_wconf 75' lang='lat' dir='ltr'>r</span> <span class='ocrx_word' id='word_1_167' title='bbox 1055 1969 1106 2041; x_wconf 85' lang='lat' dir='ltr'>sed</span> <span class='ocrx_word' id='word_1_168' title='bbox 1123 1970 1238 2041; x_wconf 88' lang='lat' dir='ltr'>maluit</span> <span class='ocrx_word' id='word_1_169' title='bbox 1251 1967 1364 2040; x_wconf 77' lang='lat' dir='ltr'>Cesar</span> <span class='ocrx_word' id='word_1_170' title='bbox 1384 1973 1526 2067; x_wconf 85' lang='lat' dir='ltr'>primum</span> <span class='ocrx_word' id='word_1_171' title='bbox 1541 1991 1653 2038; x_wconf 83' lang='lat' dir='ltr'>annum</span> 
     </span>
     <span class='ocr_line' id='line_1_19' title="bbox 293 2063 1654 2163; baseline -0.002 -28"><span class='ocrx_word' id='word_1_172' title='bbox 293 2066 447 2138; x_wconf 62' lang='lat' dir='ltr'>duceres</span> <span class='ocrx_word' id='word_1_173' title='bbox 474 2070 578 2137; x_wconf 87' lang='lat' dir='ltr'>media</span> <span class='ocrx_word' id='word_1_174' title='bbox 605 2068 702 2135; x_wconf 80' lang='lat' dir='ltr'>Luna:</span> <span class='ocrx_word' id='word_1_175' title='bbox 727 2088 802 2134; x_wconf 89' lang='lat' dir='ltr'>cum</span> <span class='ocrx_word' id='word_1_176' title='bbox 829 2068 905 2136; x_wconf 89' lang='lat' dir='ltr'>Sole</span> <span class='ocrx_word' id='word_1_177' title='bbox 930 2069 1162 2159; x_wconf 78' lang='lat' dir='ltr'>conjundiione</span> <span class='ocrx_word' id='word_1_178' title='bbox 1191 2121 1202 2151; x_wconf 90' lang='lat'><strong>,</strong></span> <span class='ocrx_word' id='word_1_179' title='bbox 1235 2087 1271 2136; x_wconf 90' lang='lat' dir='ltr'>ut</span> <span class='ocrx_word' id='word_1_180' title='bbox 1291 2087 1331 2135; x_wconf 83' lang='lat' dir='ltr'>ex</span> <span class='ocrx_word' id='word_1_181' title='bbox 1358 2064 1429 2136; x_wconf 88' lang='lat' dir='ltr'>hac</span> <span class='ocrx_word' id='word_1_182' title='bbox 1447 2063 1567 2163; x_wconf 82' lang='lat' dir='ltr'>Epotha</span> <span class='ocrx_word' id='word_1_183' title='bbox 1589 2064 1654 2133; x_wconf 89' lang='lat' dir='ltr'>dies</span> 
     </span>
     <span class='ocr_line' id='line_1_20' title="bbox 293 2158 1652 2259; baseline 0 -29"><span class='ocrx_word' id='word_1_184' title='bbox 293 2163 416 2248; x_wconf 79' lang='lat' dir='ltr'>Lunae,</span> <span class='ocrx_word' id='word_1_185' title='bbox 443 2161 558 2258; x_wconf 91' lang='lat' dir='ltr'>quibus</span> <span class='ocrx_word' id='word_1_186' title='bbox 583 2158 813 2255; x_wconf 86' lang='lat' dir='ltr'>consequentes</span> <span class='ocrx_word' id='word_1_187' title='bbox 835 2165 912 2230; x_wconf 88' lang='lat' dir='ltr'>anni</span> <span class='ocrx_word' id='word_1_188' title='bbox 937 2166 1148 2259; x_wconf 88' lang='lat' dir='ltr'>inciperent,</span> <span class='ocrx_word' id='word_1_189' title='bbox 1173 2160 1298 2232; x_wconf 82' lang='lat' dir='ltr'>facilius</span> <span class='ocrx_word' id='word_1_190' title='bbox 1328 2158 1535 2234; x_wconf 78' lang='lat' dir='ltr'>haberentur.</span> <span class='ocrx_word' id='word_1_191' title='bbox 1570 2164 1652 2231; x_wconf 87' lang='lat' dir='ltr'>lntec</span> 
     </span>
     <span class='ocr_line' id='line_1_21' title="bbox 292 2251 1655 2355; baseline 0.001 -28"><span class='ocrx_word' id='word_1_192' title='bbox 292 2256 460 2352; x_wconf 82' lang='lat' dir='ltr'>Epocham</span> <span class='ocrx_word' id='word_1_193' title='bbox 480 2256 562 2354; x_wconf 86' lang='lat' dir='ltr'>Julii</span> <span class='ocrx_word' id='word_1_194' title='bbox 582 2251 713 2326; x_wconf 80' lang='lat' dir='ltr'>Caesaris</span> <span class='ocrx_word' id='word_1_195' title='bbox 736 2280 822 2325; x_wconf 85' lang='lat' dir='ltr'>anno</span> <span class='ocrx_word' id='word_1_196' title='bbox 848 2286 906 2350; x_wconf 87' lang='lat'>44</span> <span class='ocrx_word' id='word_1_197' title='bbox 933 2280 1008 2328; x_wconf 89' lang='lat' dir='ltr'>ante</span> <span class='ocrx_word' id='word_1_198' title='bbox 1038 2257 1204 2330; x_wconf 88' lang='lat' dir='ltr'>Christum</span> <span class='ocrx_word' id='word_1_199' title='bbox 1231 2263 1265 2327; x_wconf 75' lang='grc' dir='ltr'>δι</span> <span class='ocrx_word' id='word_1_200' title='bbox 1293 2254 1476 2355; x_wconf 87' lang='lat' dir='ltr'>Epocham</span> <span class='ocrx_word' id='word_1_201' title='bbox 1502 2258 1536 2332; x_wconf 85' lang='lat' dir='ltr'>S.</span> <span class='ocrx_word' id='word_1_202' title='bbox 1560 2262 1655 2355; x_wconf 70' lang='lat' dir='ltr'>Hyp-</span> 
     </span>
     <span class='ocr_line' id='line_1_22' title="bbox 293 2350 1654 2450; baseline 0 -28"><span class='ocrx_word' id='word_1_203' title='bbox 293 2352 415 2448; x_wconf 87' lang='lat' dir='ltr'>politi,</span> <span class='ocrx_word' id='word_1_204' title='bbox 441 2378 512 2450; x_wconf 82' lang='lat' dir='ltr'>quae</span> <span class='ocrx_word' id='word_1_205' title='bbox 542 2378 612 2424; x_wconf 86' lang='lat'>222</span> <span class='ocrx_word' id='word_1_206' title='bbox 634 2351 703 2447; x_wconf 90' lang='lat' dir='ltr'>post</span> <span class='ocrx_word' id='word_1_207' title='bbox 733 2350 899 2424; x_wconf 87' lang='lat' dir='ltr'>Christum</span> <span class='ocrx_word' id='word_1_208' title='bbox 922 2352 1072 2440; x_wconf 87' lang='lat' dir='ltr'>accidit,</span> <span class='ocrx_word' id='word_1_209' title='bbox 1095 2353 1297 2423; x_wconf 86' lang='lat' dir='ltr'>intercedunt</span> <span class='ocrx_word' id='word_1_210' title='bbox 1320 2362 1412 2424; x_wconf 83' lang='lat'>266</span> <span class='ocrx_word' id='word_1_211' title='bbox 1431 2355 1547 2440; x_wconf 88' lang='lat' dir='ltr'>anni,</span> <span class='ocrx_word' id='word_1_212' title='bbox 1603 2377 1654 2422; x_wconf 82' lang='lat' dir='ltr'>no·</span> 
     </span>
     <span class='ocr_line' id='line_1_23' title="bbox 295 2442 1641 2545; baseline 0.005 -30"><span class='ocrx_word' id='word_1_213' title='bbox 295 2469 367 2517; x_wconf 87' lang='lat' dir='ltr'>rum</span> <span class='ocrx_word' id='word_1_214' title='bbox 391 2453 512 2545; x_wconf 86' lang='lat' dir='ltr'>primus</span> <span class='ocrx_word' id='word_1_215' title='bbox 537 2446 600 2518; x_wconf 89' lang='lat' dir='ltr'>suit</span> <span class='ocrx_word' id='word_1_216' title='bbox 627 2445 815 2537; x_wconf 75' lang='lat' dir='ltr'>bissextilis,</span> <span class='ocrx_word' id='word_1_217' title='bbox 841 2450 1017 2545; x_wconf 85' lang='lat' dir='ltr'>postremus</span> <span class='ocrx_word' id='word_1_218' title='bbox 1041 2448 1062 2520; x_wconf 70' lang='lat' dir='ltr'>a</span> <span class='ocrx_word' id='word_1_219' title='bbox 1086 2446 1236 2520; x_wconf 78' lang='lat' dir='ltr'>Billextili</span> <span class='ocrx_word' id='word_1_220' title='bbox 1261 2442 1437 2523; x_wconf 88' lang='lat' dir='ltr'>secundus.</span> <span class='ocrx_word' id='word_1_221' title='bbox 1477 2452 1571 2522; x_wconf 80' lang='lat' dir='ltr'>Ex&#39;l&#39;</span> <span class='ocrx_word' id='word_1_222' title='bbox 1635 2451 1641 2463; x_wconf 80' lang='grc'><strong><em>’</em></strong></span> 
     </span>
     <span class='ocr_line' id='line_1_24' title="bbox 299 2541 1653 2643; baseline 0 -29"><span class='ocrx_word' id='word_1_223' title='bbox 299 2543 534 2614; x_wconf 80' lang='lat' dir='ltr'>Astrouomicis</span> <span class='ocrx_word' id='word_1_224' title='bbox 565 2541 702 2637; x_wconf 88' lang='lat' dir='ltr'>liquebit</span> <span class='ocrx_word' id='word_1_225' title='bbox 738 2544 907 2616; x_wconf 88' lang='lat' dir='ltr'>novilunia</span> <span class='ocrx_word' id='word_1_226' title='bbox 921 2549 996 2617; x_wconf 87' lang='lat' dir='ltr'>anni</span> <span class='ocrx_word' id='word_1_227' title='bbox 1021 2572 1081 2634; x_wconf 84' lang='lat'>2²7</span> <span class='ocrx_word' id='word_1_228' title='bbox 1105 2545 1174 2643; x_wconf 90' lang='lat' dir='ltr'>post</span> <span class='ocrx_word' id='word_1_229' title='bbox 1199 2541 1372 2612; x_wconf 79' lang='lat' dir='ltr'>Christum</span> <span class='ocrx_word' id='word_1_230' title='bbox 1399 2566 1590 2641; x_wconf 83' lang='lat' dir='ltr'>praevertere</span> <span class='ocrx_word' id='word_1_231' title='bbox 1601 2569 1653 2614; x_wconf 82' lang='lat' dir='ltr'>no·</span> 
     </span>
     <span class='ocr_line' id='line_1_25' title="bbox 297 2636 1653 2740; baseline 0.004 -31"><span class='ocrx_word' id='word_1_232' title='bbox 297 2641 454 2711; x_wconf 84' lang='lat' dir='ltr'>vi-Luuia</span> <span class='ocrx_word' id='word_1_233' title='bbox 469 2645 544 2710; x_wconf 83' lang='lat' dir='ltr'>anni</span> <span class='ocrx_word' id='word_1_234' title='bbox 559 2667 608 2733; x_wconf 88' lang='lat'>44</span> <span class='ocrx_word' id='word_1_235' title='bbox 635 2659 709 2709; x_wconf 86' lang='lat' dir='ltr'>ante</span> <span class='ocrx_word' id='word_1_236' title='bbox 728 2639 894 2713; x_wconf 85' lang='lat' dir='ltr'>Christum</span> <span class='ocrx_word' id='word_1_237' title='bbox 918 2697 929 2730; x_wconf 89' lang='lat'>,</span> <span class='ocrx_word' id='word_1_238' title='bbox 955 2645 1013 2739; x_wconf 88' lang='lat' dir='ltr'>qui</span> <span class='ocrx_word' id='word_1_239' title='bbox 1035 2641 1136 2740; x_wconf 85' lang='lat' dir='ltr'>vulgo</span> <span class='ocrx_word' id='word_1_240' title='bbox 1165 2636 1301 2710; x_wconf 86' lang='lat' dir='ltr'>habetur</span> <span class='ocrx_word' id='word_1_241' title='bbox 1326 2664 1371 2736; x_wconf 77' lang='lat'>45</span> <span class='ocrx_word' id='word_1_242' title='bbox 1402 2696 1414 2730; x_wconf 87' lang='lat'><strong>,</strong></span> <span class='ocrx_word' id='word_1_243' title='bbox 1441 2643 1526 2713; x_wconf 73' lang='lat' dir='ltr'>odio</span> <span class='ocrx_word' id='word_1_244' title='bbox 1558 2639 1653 2731; x_wconf 78' lang='lat' dir='ltr'>hor&#39;s,</span> 
     </span>
     <span class='ocr_line' id='line_1_26' title="bbox 301 2741 573 2808; baseline 0.004 -2"><span class='ocrx_word' id='word_1_245' title='bbox 301 2743 335 2806; x_wconf 81' lang='lat' dir='ltr'>dt</span> <span class='ocrx_word' id='word_1_246' title='bbox 357 2761 393 2806; x_wconf 84' lang='grc' dir='ltr'>ιι</span> <span class='ocrx_word' id='word_1_247' title='bbox 430 2741 573 2808; x_wconf 73' lang='lat' dir='ltr'>minucie.</span> 
     </span>
    </p>

    <p class='ocr_par' dir='ltr' id='par_1_4' title="bbox 290 2830 1657 3885">
     <span class='ocr_line' id='line_1_27' title="bbox 348 2830 1656 2932; baseline 0.006 -33"><span class='ocrx_word' id='word_1_248' title='bbox 348 2836 391 2903; x_wconf 90' lang='lat' dir='ltr'>V.</span> <span class='ocrx_word' id='word_1_249' title='bbox 426 2832 477 2901; x_wconf 83' lang='lat' dir='ltr'>Est</span> <span class='ocrx_word' id='word_1_250' title='bbox 494 2834 591 2928; x_wconf 83' lang='lat' dir='ltr'>igitur</span> <span class='ocrx_word' id='word_1_251' title='bbox 613 2857 730 2930; x_wconf 85' lang='lat' dir='ltr'>magna</span> <span class='ocrx_word' id='word_1_252' title='bbox 752 2830 899 2927; x_wconf 77' lang='lat' dir='ltr'>quadam</span> <span class='ocrx_word' id='word_1_253' title='bbox 923 2835 1071 2931; x_wconf 90' lang='lat' dir='ltr'>periodus</span> <span class='ocrx_word' id='word_1_254' title='bbox 1092 2840 1175 2908; x_wconf 86' lang='lat' dir='ltr'>inter</span> <span class='ocrx_word' id='word_1_255' title='bbox 1189 2830 1459 2932; x_wconf 87' lang='lat' dir='ltr'>EpochamJulii</span> <span class='ocrx_word' id='word_1_256' title='bbox 1486 2832 1656 2907; x_wconf 70' lang='lat' dir='ltr'>Castris&amp;</span> 
     </span>
     <span class='ocr_line' id='line_1_28' title="bbox 295 2925 1657 3029; baseline 0.003 -31"><span class='ocrx_word' id='word_1_257' title='bbox 295 2925 457 3025; x_wconf 67' lang='lat' dir='ltr'>ipocham</span> <span class='ocrx_word' id='word_1_258' title='bbox 479 2930 514 3000; x_wconf 89' lang='lat' dir='ltr'>S.</span> <span class='ocrx_word' id='word_1_259' title='bbox 530 2932 563 3000; x_wconf 87' lang='lat' dir='ltr'><em>H</em></span> <span class='ocrx_word' id='word_1_260' title='bbox 592 2929 734 3028; x_wconf 84' lang='lat' dir='ltr'>ppoliti,</span> <span class='ocrx_word' id='word_1_261' title='bbox 756 2950 858 3022; x_wconf 88' lang='lat' dir='ltr'>eaque</span> <span class='ocrx_word' id='word_1_262' title='bbox 872 2929 915 2998; x_wconf 88' lang='lat' dir='ltr'>ell</span> <span class='ocrx_word' id='word_1_263' title='bbox 932 2941 998 3003; x_wconf 76' lang='lat'>266</span> <span class='ocrx_word' id='word_1_264' title='bbox 1015 2956 1187 3008; x_wconf 85' lang='lat' dir='ltr'>annorum.</span> <span class='ocrx_word' id='word_1_265' title='bbox 1225 2934 1307 3006; x_wconf 78' lang='lat' dir='ltr'>Hac</span> <span class='ocrx_word' id='word_1_266' title='bbox 1319 2931 1457 3002; x_wconf 86' lang='lat' dir='ltr'>constat</span> <span class='ocrx_word' id='word_1_267' title='bbox 1474 2959 1515 3023; x_wconf 87' lang='lat'>¹4</span> <span class='ocrx_word' id='word_1_268' title='bbox 1535 2930 1657 3029; x_wconf 79' lang='lat' dir='ltr'>periodis</span> 
     </span>
     <span class='ocr_line' id='line_1_29' title="bbox 292 2955 1656 3126; baseline 0.004 -35"><span class='ocrx_word' id='word_1_269' title='bbox 292 3047 327 3113; x_wconf 79' lang='lat'>¹9</span> <span class='ocrx_word' id='word_1_270' title='bbox 351 3048 534 3104; x_wconf 84' lang='lat' dir='ltr'>annorum,</span> <span class='ocrx_word' id='word_1_271' title='bbox 557 2955 609 3095; x_wconf 69' lang='lat' dir='ltr'>siu</span> <span class='ocrx_word' id='word_1_272' title='bbox 629 3024 729 3095; x_wconf 87' lang='lat' dir='ltr'>tribus</span> <span class='ocrx_word' id='word_1_273' title='bbox 754 3025 892 3114; x_wconf 87' lang='lat' dir='ltr'>periodis</span> <span class='ocrx_word' id='word_1_274' title='bbox 910 3024 1066 3123; x_wconf 86' lang='lat' dir='ltr'>Calippi,</span> <span class='ocrx_word' id='word_1_275' title='bbox 1091 3053 1228 3126; x_wconf 86' lang='lat' dir='ltr'>quatum</span> <span class='ocrx_word' id='word_1_276' title='bbox 1249 3025 1385 3126; x_wconf 75' lang='lat' dir='ltr'>singulae</span> <span class='ocrx_word' id='word_1_277' title='bbox 1405 3022 1483 3101; x_wconf 89' lang='lat' dir='ltr'>sunt</span> <span class='ocrx_word' id='word_1_278' title='bbox 1501 3033 1547 3117; x_wconf 83' lang='lat'>76</span> <span class='ocrx_word' id='word_1_279' title='bbox 1563 3048 1656 3096; x_wconf 88' lang='lat' dir='ltr'>anno·</span> 
     </span>
     <span class='ocr_line' id='line_1_30' title="bbox 290 3115 1655 3220; baseline 0.005 -33"><span class='ocrx_word' id='word_1_280' title='bbox 290 3143 385 3202; x_wconf 89' lang='lat' dir='ltr'>tum,</span> <span class='ocrx_word' id='word_1_281' title='bbox 405 3140 508 3211; x_wconf 74' lang='lat' dir='ltr'>ecque</span> <span class='ocrx_word' id='word_1_282' title='bbox 530 3149 565 3198; x_wconf 87' lang='lat'>19</span> <span class='ocrx_word' id='word_1_283' title='bbox 589 3145 689 3189; x_wconf 84' lang='lat' dir='ltr'>armos</span> <span class='ocrx_word' id='word_1_284' title='bbox 709 3115 881 3190; x_wconf 76' lang='lat' dir='ltr'>bissextiles</span> <span class='ocrx_word' id='word_1_285' title='bbox 900 3127 1078 3199; x_wconf 88' lang='lat' dir='ltr'>continent.</span> <span class='ocrx_word' id='word_1_286' title='bbox 1110 3124 1262 3197; x_wconf 86' lang='lat' dir='ltr'>Periodus</span> <span class='ocrx_word' id='word_1_287' title='bbox 1285 3125 1488 3220; x_wconf 81' lang='lat' dir='ltr'>quidem19</span> <span class='ocrx_word' id='word_1_288' title='bbox 1511 3144 1655 3194; x_wconf 69' lang='lat' dir='ltr'>annornm</span> 
     </span>
     <span class='ocr_line' id='line_1_31' title="bbox 290 3209 1652 3319; baseline 0.004 -38"><span class='ocrx_word' id='word_1_289' title='bbox 290 3237 363 3306; x_wconf 82' lang='lat' dir='ltr'>quae</span> <span class='ocrx_word' id='word_1_290' title='bbox 385 3212 550 3285; x_wconf 85' lang='lat' dir='ltr'>novilunia</span> <span class='ocrx_word' id='word_1_291' title='bbox 574 3215 614 3284; x_wconf 86' lang='lat' dir='ltr'>ad</span> <span class='ocrx_word' id='word_1_292' title='bbox 642 3209 771 3284; x_wconf 89' lang='lat' dir='ltr'>eosdem</span> <span class='ocrx_word' id='word_1_293' title='bbox 793 3212 858 3284; x_wconf 87' lang='lat' dir='ltr'>dies</span> <span class='ocrx_word' id='word_1_294' title='bbox 890 3221 965 3287; x_wconf 84' lang='lat' dir='ltr'>anni</span> <span class='ocrx_word' id='word_1_295' title='bbox 989 3217 1109 3292; x_wconf 87' lang='lat' dir='ltr'>Solaris</span> <span class='ocrx_word' id='word_1_296' title='bbox 1130 3241 1260 3290; x_wconf 83' lang='lat' dir='ltr'>revocat</span> <span class='ocrx_word' id='word_1_297' title='bbox 1290 3273 1301 3304; x_wconf 92' lang='lat'>,</span> <span class='ocrx_word' id='word_1_298' title='bbox 1344 3243 1493 3319; x_wconf 72' lang='lat' dir='ltr'>quaeque</span> <span class='ocrx_word' id='word_1_299' title='bbox 1514 3214 1652 3291; x_wconf 78' lang='lat' dir='ltr'>Metlaoni</span> 
     </span>
     <span class='ocr_line' id='line_1_32' title="bbox 291 3301 1652 3413; baseline 0.003 -35"><span class='ocrx_word' id='word_1_300' title='bbox 291 3301 478 3378; x_wconf 76' lang='lat' dir='ltr'>Atheniens</span> <span class='ocrx_word' id='word_1_301' title='bbox 492 3307 590 3381; x_wconf 89' lang='lat' dir='ltr'>tribui</span> <span class='ocrx_word' id='word_1_302' title='bbox 604 3307 706 3397; x_wconf 90' lang='lat' dir='ltr'>solet,</span> <span class='ocrx_word' id='word_1_303' title='bbox 722 3307 782 3387; x_wconf 62' lang='lat' dir='ltr'>‚lon</span> <span class='ocrx_word' id='word_1_304' title='bbox 805 3329 824 3375; x_wconf 90' lang='lat' dir='ltr'>e</span> <span class='ocrx_word' id='word_1_305' title='bbox 843 3333 916 3380; x_wconf 88' lang='lat' dir='ltr'>ante</span> <span class='ocrx_word' id='word_1_306' title='bbox 932 3337 968 3381; x_wconf 85' lang='lat' dir='ltr'>ea</span> <span class='ocrx_word' id='word_1_307' title='bbox 987 3334 1133 3413; x_wconf 87' lang='lat' dir='ltr'>tempora</span> <span class='ocrx_word' id='word_1_308' title='bbox 1155 3339 1232 3389; x_wconf 86' lang='lat' dir='ltr'>nota</span> <span class='ocrx_word' id='word_1_309' title='bbox 1257 3311 1348 3399; x_wconf 87' lang='lat' dir='ltr'>suit,</span> <span class='ocrx_word' id='word_1_310' title='bbox 1367 3340 1411 3386; x_wconf 87' lang='lat' dir='ltr'>ne</span> <span class='ocrx_word' id='word_1_311' title='bbox 1440 3342 1481 3388; x_wconf 90' lang='lat' dir='ltr'>ue</span> <span class='ocrx_word' id='word_1_312' title='bbox 1498 3314 1570 3386; x_wconf 85' lang='lat' dir='ltr'>adro</span> <span class='ocrx_word' id='word_1_313' title='bbox 1586 3332 1652 3382; x_wconf 84' lang='lat' dir='ltr'>etat</span> 
     </span>
     <span class='ocr_line' id='line_1_33' title="bbox 291 3333 1651 3501; baseline 0.006 -29"><span class='ocrx_word' id='word_1_314' title='bbox 291 3398 402 3474; x_wconf 72' lang='lat' dir='ltr'>sensio</span> <span class='ocrx_word' id='word_1_315' title='bbox 416 3403 530 3501; x_wconf 77' lang='lat' dir='ltr'>presuli</span> <span class='ocrx_word' id='word_1_316' title='bbox 544 3409 709 3501; x_wconf 82' lang='lat' dir='ltr'>incognita</span> <span class='ocrx_word' id='word_1_317' title='bbox 725 3461 735 3492; x_wconf 88' lang='lat'><strong>,</strong></span> <span class='ocrx_word' id='word_1_318' title='bbox 752 3333 807 3473; x_wconf 86' lang='lat' dir='ltr'>etll</span> <span class='ocrx_word' id='word_1_319' title='bbox 823 3428 861 3474; x_wconf 89' lang='lat' dir='ltr'>ea</span> <span class='ocrx_word' id='word_1_320' title='bbox 876 3405 921 3475; x_wconf 90' lang='lat' dir='ltr'>est</span> <span class='ocrx_word' id='word_1_321' title='bbox 934 3406 1038 3479; x_wconf 90' lang='lat' dir='ltr'>multo</span> <span class='ocrx_word' id='word_1_322' title='bbox 1048 3415 1229 3483; x_wconf 80' lang='lat' dir='ltr'>accuratior</span> <span class='ocrx_word' id='word_1_323' title='bbox 1255 3436 1264 3480; x_wconf 77' lang='grc' dir='ltr'><strong><em>ε</em></strong></span> <span class='ocrx_word' id='word_1_324' title='bbox 1291 3407 1383 3479; x_wconf 89' lang='lat' dir='ltr'>unde</span> <span class='ocrx_word' id='word_1_325' title='bbox 1412 3343 1501 3486; x_wconf 83' lang='lat' dir='ltr'>illius</span> <span class='ocrx_word' id='word_1_326' title='bbox 1518 3428 1651 3479; x_wconf 82' lang='lat' dir='ltr'>tantum·</span> 
     </span>
     <span class='ocr_line' id='line_1_34' title="bbox 294 3498 1653 3607; baseline 0.004 -39"><span class='ocrx_word' id='word_1_327' title='bbox 294 3500 396 3568; x_wconf 89' lang='lat' dir='ltr'>modo</span> <span class='ocrx_word' id='word_1_328' title='bbox 414 3506 573 3575; x_wconf 89' lang='lat' dir='ltr'>meminit.</span> <span class='ocrx_word' id='word_1_329' title='bbox 606 3501 706 3596; x_wconf 84' lang='lat' dir='ltr'>Qod</span> <span class='ocrx_word' id='word_1_330' title='bbox 720 3502 807 3570; x_wconf 87' lang='lat' dir='ltr'>enim</span> <span class='ocrx_word' id='word_1_331' title='bbox 825 3501 870 3570; x_wconf 87' lang='lat' dir='ltr'>ait</span> <span class='ocrx_word' id='word_1_332' title='bbox 884 3498 998 3599; x_wconf 89' lang='lat' dir='ltr'>inipso</span> <span class='ocrx_word' id='word_1_333' title='bbox 1010 3503 1107 3575; x_wconf 88' lang='lat' dir='ltr'>titulo</span> <span class='ocrx_word' id='word_1_334' title='bbox 1124 3507 1229 3603; x_wconf 87' lang='lat' dir='ltr'>quarti</span> <span class='ocrx_word' id='word_1_335' title='bbox 1242 3502 1410 3578; x_wconf 79' lang='lat' dir='ltr'>Paschatis</span> <span class='ocrx_word' id='word_1_336' title='bbox 1424 3532 1437 3578; x_wconf 74' lang='grc' dir='ltr'><strong>ι</strong></span> <span class='ocrx_word' id='word_1_337' title='bbox 1453 3509 1497 3575; x_wconf 81' lang='lat' dir='ltr'>In</span> <span class='ocrx_word' id='word_1_338' title='bbox 1506 3498 1653 3607; x_wconf 70' lang='lat' dir='ltr'>presensit</span> 
     </span>
     <span class='ocr_line' id='line_1_35' title="bbox 294 3590 1653 3702; baseline -0.001 -43"><span class='ocrx_word' id='word_1_339' title='bbox 294 3611 400 3659; x_wconf 73' lang='lat' dir='ltr'>antem</span> <span class='ocrx_word' id='word_1_340' title='bbox 409 3597 515 3662; x_wconf 76' lang='lat' dir='ltr'>evenit</span> <span class='ocrx_word' id='word_1_341' title='bbox 524 3653 535 3677; x_wconf 83' lang='lat'><em>,</em></span> <span class='ocrx_word' id='word_1_342' title='bbox 541 3596 626 3688; x_wconf 76' lang='lat' dir='ltr'>ficut</span> <span class='ocrx_word' id='word_1_343' title='bbox 638 3590 814 3679; x_wconf 48' lang='lat' dir='ltr'>indicatum</span> <span class='ocrx_word' id='word_1_344' title='bbox 823 3591 884 3683; x_wconf 74' lang='lat' dir='ltr'>est,</span> <span class='ocrx_word' id='word_1_345' title='bbox 901 3621 1022 3695; x_wconf 82' lang='lat' dir='ltr'>magno</span> <span class='ocrx_word' id='word_1_346' title='bbox 1032 3600 1064 3670; x_wconf 79' lang='lat' dir='ltr'>id</span> <span class='ocrx_word' id='word_1_347' title='bbox 1077 3602 1120 3671; x_wconf 82' lang='lat' dir='ltr'>est</span> <span class='ocrx_word' id='word_1_348' title='bbox 1138 3623 1329 3699; x_wconf 70' lang='lat' dir='ltr'>argumento</span> <span class='ocrx_word' id='word_1_349' title='bbox 1348 3625 1431 3673; x_wconf 77' lang='lat' dir='ltr'>eum</span> <span class='ocrx_word' id='word_1_350' title='bbox 1447 3606 1653 3702; x_wconf 60' lang='lat' dir='ltr'>Cydumjgm</span> 
     </span>
     <span class='ocr_line' id='line_1_36' title="bbox 293 3689 1654 3795; baseline 0.009 -37"><span class='ocrx_word' id='word_1_351' title='bbox 293 3712 367 3760; x_wconf 84' lang='lat' dir='ltr'>ante</span> <span class='ocrx_word' id='word_1_352' title='bbox 383 3697 418 3762; x_wconf 89' lang='lat' dir='ltr'>in</span> <span class='ocrx_word' id='word_1_353' title='bbox 445 3689 500 3762; x_wconf 90' lang='lat' dir='ltr'>usu</span> <span class='ocrx_word' id='word_1_354' title='bbox 515 3690 605 3764; x_wconf 78' lang='lat' dir='ltr'>fuisse</span> <span class='ocrx_word' id='word_1_355' title='bbox 634 3721 643 3765; x_wconf 77' lang='grc' dir='ltr'><strong>ι</strong></span> <span class='ocrx_word' id='word_1_356' title='bbox 663 3692 695 3762; x_wconf 93' lang='lat' dir='ltr'>id</span> <span class='ocrx_word' id='word_1_357' title='bbox 716 3693 804 3764; x_wconf 88' lang='lat' dir='ltr'>enim</span> <span class='ocrx_word' id='word_1_358' title='bbox 828 3696 956 3764; x_wconf 84' lang='lat' dir='ltr'>evenire</span> <span class='ocrx_word' id='word_1_359' title='bbox 968 3717 1036 3767; x_wconf 90' lang='lat' dir='ltr'>non</span> <span class='ocrx_word' id='word_1_360' title='bbox 1049 3702 1180 3795; x_wconf 89' lang='lat' dir='ltr'>potuit,</span> <span class='ocrx_word' id='word_1_361' title='bbox 1194 3694 1250 3769; x_wconf 86' lang='lat' dir='ltr'>nifi</span> <span class='ocrx_word' id='word_1_362' title='bbox 1265 3694 1329 3766; x_wconf 91' lang='lat' dir='ltr'>hoc</span> <span class='ocrx_word' id='word_1_363' title='bbox 1355 3698 1506 3790; x_wconf 69' lang='lat' dir='ltr'>evelo,</span> <span class='ocrx_word' id='word_1_364' title='bbox 1528 3698 1576 3774; x_wconf 82' lang='lat' dir='ltr'>vel</span> <span class='ocrx_word' id='word_1_365' title='bbox 1595 3698 1654 3771; x_wconf 85' lang='lat' dir='ltr'>alio</span> 
     </span>
     <span class='ocr_line' id='line_1_37' title="bbox 294 3783 1402 3885; baseline 0.012 -32"><span class='ocrx_word' id='word_1_366' title='bbox 294 3783 435 3876; x_wconf 87' lang='lat' dir='ltr'>ejusdem</span> <span class='ocrx_word' id='word_1_367' title='bbox 450 3792 581 3857; x_wconf 87' lang='lat' dir='ltr'>rationis</span> <span class='ocrx_word' id='word_1_368' title='bbox 599 3790 762 3885; x_wconf 91' lang='lat' dir='ltr'>usurpato.</span> <span class='ocrx_word' id='word_1_369' title='bbox 1393 3792 1402 3805; x_wconf 84' lang='lat'>&#39;</span> 
     </span>
    </p>

    <p class='ocr_par' dir='ltr' id='par_1_5' title="bbox 295 3881 1652 4360">
     <span class='ocr_line' id='line_1_38' title="bbox 348 3881 1651 3988; baseline 0.012 -37"><span class='ocrx_word' id='word_1_370' title='bbox 348 3882 491 3976; x_wconf 86' lang='lat' dir='ltr'>Reliqua</span> <span class='ocrx_word' id='word_1_371' title='bbox 512 3886 691 3954; x_wconf 90' lang='lat' dir='ltr'>omittimus</span> <span class='ocrx_word' id='word_1_372' title='bbox 711 3881 768 3953; x_wconf 92' lang='lat' dir='ltr'>ubi</span> <span class='ocrx_word' id='word_1_373' title='bbox 785 3884 925 3978; x_wconf 90' lang='lat' dir='ltr'>priorem</span> <span class='ocrx_word' id='word_1_374' title='bbox 944 3883 1085 3961; x_wconf 88' lang='lat' dir='ltr'>tabulam</span> <span class='ocrx_word' id='word_1_375' title='bbox 1105 3891 1139 3962; x_wconf 90' lang='lat' dir='ltr'>S.</span> <span class='ocrx_word' id='word_1_376' title='bbox 1161 3886 1337 3988; x_wconf 87' lang='lat' dir='ltr'>Hyppoliti</span> <span class='ocrx_word' id='word_1_377' title='bbox 1363 3893 1407 3963; x_wconf 90' lang='lat' dir='ltr'>ad</span> <span class='ocrx_word' id='word_1_378' title='bbox 1432 3894 1596 3973; x_wconf 85' lang='lat' dir='ltr'>calculum</span> <span class='ocrx_word' id='word_1_379' title='bbox 1611 3922 1651 3972; x_wconf 83' lang='lat' dir='ltr'>re·</span> 
     </span>
     <span class='ocr_line' id='line_1_39' title="bbox 295 3977 1652 4084; baseline 0.013 -40"><span class='ocrx_word' id='word_1_380' title='bbox 295 3982 412 4062; x_wconf 67' lang='lat' dir='ltr'>uocat,</span> <span class='ocrx_word' id='word_1_381' title='bbox 427 3984 461 4049; x_wconf 74' lang='lat' dir='ltr'>dc</span> <span class='ocrx_word' id='word_1_382' title='bbox 474 3980 556 4047; x_wconf 87' lang='lat' dir='ltr'>inito</span> <span class='ocrx_word' id='word_1_383' title='bbox 570 3977 696 4048; x_wconf 87' lang='lat' dir='ltr'>calculo</span> <span class='ocrx_word' id='word_1_384' title='bbox 709 3978 846 4050; x_wconf 87' lang='lat' dir='ltr'>ostendit</span> <span class='ocrx_word' id='word_1_385' title='bbox 864 3980 1053 4054; x_wconf 84' lang='lat' dir='ltr'>methodum</span> <span class='ocrx_word' id='word_1_386' title='bbox 1070 3991 1303 4084; x_wconf 82' lang='lat' dir='ltr'>Gregotianam</span> <span class='ocrx_word' id='word_1_387' title='bbox 1325 4009 1406 4057; x_wconf 84' lang='lat' dir='ltr'>cum</span> <span class='ocrx_word' id='word_1_388' title='bbox 1430 4014 1652 4070; x_wconf 68' lang='lat' dir='ltr'>vererumne.</span> 
     </span>
     <span class='ocr_line' id='line_1_40' title="bbox 297 4069 1650 4179; baseline 0.016 -37"><span class='ocrx_word' id='word_1_389' title='bbox 297 4069 401 4142; x_wconf 91' lang='lat' dir='ltr'>thodo</span> <span class='ocrx_word' id='word_1_390' title='bbox 421 4076 454 4140; x_wconf 90' lang='lat' dir='ltr'>in</span> <span class='ocrx_word' id='word_1_391' title='bbox 470 4071 533 4141; x_wconf 87' lang='lat' dir='ltr'>hoc</span> <span class='ocrx_word' id='word_1_392' title='bbox 555 4078 749 4162; x_wconf 82' lang='lat' dir='ltr'>convenire,</span> <span class='ocrx_word' id='word_1_393' title='bbox 765 4075 854 4170; x_wconf 92' lang='lat' dir='ltr'>quod</span> <span class='ocrx_word' id='word_1_394' title='bbox 873 4081 1055 4174; x_wconf 85' lang='lat' dir='ltr'>inutraque</span> <span class='ocrx_word' id='word_1_395' title='bbox 1073 4084 1194 4179; x_wconf 88' lang='lat' dir='ltr'>primus</span> <span class='ocrx_word' id='word_1_396' title='bbox 1215 4080 1282 4151; x_wconf 88' lang='lat' dir='ltr'>dies</span> <span class='ocrx_word' id='word_1_397' title='bbox 1295 4078 1381 4152; x_wconf 87' lang='lat' dir='ltr'>lunae</span> <span class='ocrx_word' id='word_1_398' title='bbox 1403 4085 1576 4165; x_wconf 84' lang='lat' dir='ltr'>censeatur</span> <span class='ocrx_word' id='word_1_399' title='bbox 1596 4116 1650 4164; x_wconf 89' lang='lat' dir='ltr'>non</span> 
     </span>
     <span class='ocr_line' id='line_1_41' title="bbox 295 4167 1650 4287; baseline 0.014 -49"><span class='ocrx_word' id='word_1_400' title='bbox 295 4168 535 4260; x_wconf 68' lang='lat' dir='ltr'>conjunctionis</span> <span class='ocrx_word' id='word_1_401' title='bbox 549 4167 659 4239; x_wconf 83' lang='lat' dir='ltr'>mediae</span> <span class='ocrx_word' id='word_1_402' title='bbox 670 4225 680 4254; x_wconf 93' lang='lat'>,</span> <span class='ocrx_word' id='word_1_403' title='bbox 693 4167 744 4240; x_wconf 89' lang='lat' dir='ltr'>sed</span> <span class='ocrx_word' id='word_1_404' title='bbox 757 4171 819 4240; x_wconf 86' lang='lat' dir='ltr'>diei</span> <span class='ocrx_word' id='word_1_405' title='bbox 830 4177 977 4268; x_wconf 85' lang='lat' dir='ltr'>proxime</span> <span class='ocrx_word' id='word_1_406' title='bbox 984 4171 1161 4272; x_wconf 87' lang='lat' dir='ltr'>sequentis,</span> <span class='ocrx_word' id='word_1_407' title='bbox 1174 4175 1272 4272; x_wconf 87' lang='lat' dir='ltr'>idque</span> <span class='ocrx_word' id='word_1_408' title='bbox 1284 4199 1324 4249; x_wconf 81' lang='lat' dir='ltr'>ex</span> <span class='ocrx_word' id='word_1_409' title='bbox 1336 4174 1399 4252; x_wconf 90' lang='lat' dir='ltr'>usu</span> <span class='ocrx_word' id='word_1_410' title='bbox 1414 4206 1568 4263; x_wconf 83' lang='lat' dir='ltr'>veterum</span> <span class='ocrx_word' id='word_1_411' title='bbox 1604 4191 1650 4287; x_wconf 84' lang='lat' dir='ltr'>qn&#39;</span> 
     </span>
     <span class='ocr_line' id='line_1_42' title="bbox 296 4247 1592 4360; baseline 0.011 -27"><span class='ocrx_word' id='word_1_412' title='bbox 296 4268 320 4333; x_wconf 83' lang='lat' dir='ltr'>al</span> <span class='ocrx_word' id='word_1_413' title='bbox 342 4267 445 4358; x_wconf 83' lang='lat' dir='ltr'>prima</span> <span class='ocrx_word' id='word_1_414' title='bbox 467 4266 564 4333; x_wconf 85' lang='lat' dir='ltr'>Lunae</span> <span class='ocrx_word' id='word_1_415' title='bbox 589 4262 672 4360; x_wconf 84' lang='lat' dir='ltr'>phasr</span> <span class='ocrx_word' id='word_1_416' title='bbox 687 4266 752 4336; x_wconf 88' lang='lat' dir='ltr'>dies</span> <span class='ocrx_word' id='word_1_417' title='bbox 765 4263 878 4336; x_wconf 83' lang='lat' dir='ltr'>mensis</span> <span class='ocrx_word' id='word_1_418' title='bbox 893 4272 1025 4341; x_wconf 75' lang='lat' dir='ltr'>lunaris</span> <span class='ocrx_word' id='word_1_419' title='bbox 1040 4266 1263 4346; x_wconf 87' lang='lat' dir='ltr'>numerabant.</span> <span class='ocrx_word' id='word_1_420' title='bbox 1579 4247 1592 4282; x_wconf 62' lang='lat'>³</span> 
     </span>
    </p>

    <p class='ocr_par' dir='ltr' id='par_1_6' title="bbox 340 4357 1649 4469">
     <span class='ocr_line' id='line_1_43' title="bbox 340 4357 1649 4469; baseline 0.014 -43"><span class='ocrx_word' id='word_1_421' title='bbox 340 4363 380 4426; x_wconf 89' lang='lat' dir='ltr'>ln</span> <span class='ocrx_word' id='word_1_422' title='bbox 393 4359 562 4456; x_wconf 87' lang='lat' dir='ltr'>posteriori</span> <span class='ocrx_word' id='word_1_423' title='bbox 574 4357 681 4431; x_wconf 79' lang='lat' dir='ltr'>tabula</span> <span class='ocrx_word' id='word_1_424' title='bbox 698 4359 775 4431; x_wconf 86' lang='lat' dir='ltr'>sella</span> <span class='ocrx_word' id='word_1_425' title='bbox 791 4358 947 4435; x_wconf 76' lang='lat' dir='ltr'>paschatis</span> <span class='ocrx_word' id='word_1_426' title='bbox 963 4363 1183 4464; x_wconf 83' lang='lat' dir='ltr'>defignantur,</span> <span class='ocrx_word' id='word_1_427' title='bbox 1197 4390 1236 4437; x_wconf 87' lang='lat' dir='ltr'>ac</span> <span class='ocrx_word' id='word_1_428' title='bbox 1249 4364 1375 4469; x_wconf 91' lang='lat' dir='ltr'>semper</span> <span class='ocrx_word' id='word_1_429' title='bbox 1388 4372 1517 4452; x_wconf 67' lang='lat' dir='ltr'>Pascha</span> <span class='ocrx_word' id='word_1_430' title='bbox 1527 4381 1649 4455; x_wconf 75' lang='lat' dir='ltr'>diens.</span> 
     </span>
    </p>

    <p class='ocr_par' dir='ltr' id='par_1_7' title="bbox 210 4453 1652 4553">
     <span class='ocr_line' id='line_1_44' title="bbox 210 4453 1652 4553; baseline 0.018 -29"><span class='ocrx_word' id='word_1_431' title='bbox 210 4521 215 4531; x_wconf 84' lang='lat'>‚</span> <span class='ocrx_word' id='word_1_432' title='bbox 293 4453 417 4524; x_wconf 82' lang='lat' dir='ltr'>&#39;minica</span> <span class='ocrx_word' id='word_1_433' title='bbox 438 4453 640 4542; x_wconf 87' lang='lat' dir='ltr'>celebratur,</span> <span class='ocrx_word' id='word_1_434' title='bbox 656 4461 713 4553; x_wconf 93' lang='lat' dir='ltr'>qui</span> <span class='ocrx_word' id='word_1_435' title='bbox 728 4454 951 4531; x_wconf 79' lang='lat' dir='ltr'>vetustissimus</span> <span class='ocrx_word' id='word_1_436' title='bbox 964 4460 1009 4532; x_wconf 85' lang='lat' dir='ltr'>est</span> <span class='ocrx_word' id='word_1_437' title='bbox 1031 4462 1174 4536; x_wconf 75' lang='lat' dir='ltr'>Ecclesia</span> <span class='ocrx_word' id='word_1_438' title='bbox 1191 4465 1303 4538; x_wconf 72' lang='lat' dir='ltr'>ritusd</span> <span class='ocrx_word' id='word_1_439' title='bbox 1317 4473 1379 4541; x_wconf 86' lang='lat' dir='ltr'>Pio</span> <span class='ocrx_word' id='word_1_440' title='bbox 1400 4478 1431 4547; x_wconf 94' lang='lat'>1.</span> <span class='ocrx_word' id='word_1_441' title='bbox 1458 4481 1495 4545; x_wconf 77' lang='lat' dir='ltr'>dc</span> <span class='ocrx_word' id='word_1_442' title='bbox 1526 4480 1652 4550; x_wconf 67' lang='lat' dir='ltr'>vidore</span> 
     </span>
    </p>
   </div>
   <div class='ocr_carea' id='block_1_4' title="bbox 295 4549 1664 4724">
    <p class='ocr_par' dir='ltr' id='par_1_8' title="bbox 295 4549 1664 4724">
     <span class='ocr_line' id='line_1_45' title="bbox 295 4549 1664 4649; baseline 0.025 -32"><span class='ocrx_word' id='word_1_443' title='bbox 295 4549 411 4618; x_wconf 88' lang='lat' dir='ltr'>acriter</span> <span class='ocrx_word' id='word_1_444' title='bbox 435 4574 674 4649; x_wconf 78' lang='lat' dir='ltr'>propugnatne,</span> <span class='ocrx_word' id='word_1_445' title='bbox 688 4556 756 4625; x_wconf 76' lang='lat' dir='ltr'>uta</span> <span class='ocrx_word' id='word_1_446' title='bbox 776 4549 987 4629; x_wconf 78' lang='lat' dir='ltr'>decessoribus</span> <span class='ocrx_word' id='word_1_447' title='bbox 1008 4556 1070 4632; x_wconf 91' lang='lat' dir='ltr'>suis</span> <span class='ocrx_word' id='word_1_448' title='bbox 1081 4561 1260 4634; x_wconf 86' lang='lat' dir='ltr'>constanter</span> <span class='ocrx_word' id='word_1_449' title='bbox 1278 4559 1521 4646; x_wconf 70' lang='lat' dir='ltr'>obseaarmin</span> <span class='ocrx_word' id='word_1_450' title='bbox 1537 4572 1664 4649; x_wconf 71' lang='lat' dir='ltr'>strenuo·¹</span> 
     </span>
     <span class='ocr_line' id='line_1_46' title="bbox 297 4640 864 4724; baseline 0.026 -14"><span class='ocrx_word' id='word_1_451' title='bbox 297 4645 378 4711; x_wconf 83' lang='lat' dir='ltr'>riam</span> <span class='ocrx_word' id='word_1_452' title='bbox 401 4640 655 4719; x_wconf 78' lang='lat' dir='ltr'>Resurredlionis</span> <span class='ocrx_word' id='word_1_453' title='bbox 670 4653 864 4724; x_wconf 82' lang='lat' dir='ltr'>Dominicae.</span> 
     </span>
    </p>
   </div>
   <div class='ocr_carea' id='block_1_5' title="bbox 345 4740 1697 4967">
    <p class='ocr_par' dir='ltr' id='par_1_9' title="bbox 345 4740 1697 4967">
     <span class='ocr_line' id='line_1_47' title="bbox 345 4740 1697 4967; baseline -0.004 -130"><span class='ocrx_word' id='word_1_454' title='bbox 345 4741 437 4837; x_wconf 68' lang='lat' dir='ltr'>§um</span> <span class='ocrx_word' id='word_1_455' title='bbox 464 4743 529 4819; x_wconf 57' lang='lat'>&amp;2⁵</span> <span class='ocrx_word' id='word_1_456' title='bbox 554 4768 593 4831; x_wconf 76' lang='grc' dir='ltr'>ι4</span> <span class='ocrx_word' id='word_1_457' title='bbox 614 4747 711 4822; x_wconf 63' lang='lat' dir='ltr'>Lunx</span> <span class='ocrx_word' id='word_1_458' title='bbox 733 4747 845 4833; x_wconf 80' lang='lat' dir='ltr'>incidit</span> <span class='ocrx_word' id='word_1_459' title='bbox 863 4747 899 4822; x_wconf 86' lang='lat' dir='ltr'>in</span> <span class='ocrx_word' id='word_1_460' title='bbox 917 4746 1119 4846; x_wconf 82' lang='lat' dir='ltr'>Sabbatum,</span> <span class='ocrx_word' id='word_1_461' title='bbox 1138 4751 1258 4834; x_wconf 83' lang='lat' dir='ltr'>Pascha</span> <span class='ocrx_word' id='word_1_462' title='bbox 1277 4781 1349 4836; x_wconf 88' lang='lat' dir='ltr'>non</span> <span class='ocrx_word' id='word_1_463' title='bbox 1369 4760 1424 4837; x_wconf 86' lang='lat' dir='ltr'>die</span> <span class='ocrx_word' id='word_1_464' title='bbox 1454 4764 1655 4967; x_wconf 40' lang='lat' dir='ltr'>iureque}-</span> <span class='ocrx_word' id='word_1_465' title='bbox 1694 4740 1697 4749; x_wconf 70' lang='grc'><strong>’</strong></span> 
     </span>
    </p>
   </div>
   <div class='ocr_carea' id='block_1_6' title="bbox 0 0 1828 5430">
    <p class='ocr_par' dir='ltr' id='par_1_10' title="bbox 0 0 1828 5430">
     <span class='ocr_line' id='line_1_48' title="bbox 0 0 1828 5430; baseline 0 0"><span class='ocrx_word' id='word_1_466' title='bbox 0 0 1828 5430; x_wconf 95' lang='lat' dir='ltr'> </span> 
     </span>
    </p>
   </div>
  </div>
 </body>
</html>
