3646 5430
267 425 283 431 ,.
441 351 767 431 'ACADEMIAE'
822 355 1156 431 HISTORIA.
1195 356 1270 434 [ιι.
1298 361 1342 435 V.
1505 381 1557 447 of

183 459 227 522 'ex
241 468 281 519 eo
294 446 489 524 consectaria
508 456 593 525 redte
610 455 748 524 deducta
761 453 926 546 judicavit.
970 453 1052 524 Illud
1065 449 1197 546 subjecit
1213 453 1381 526 mulierem
1394 389 1549 549 ejusnlodi
1565 454 1664 519 Ana*

181 542 337 615 veficulas
351 572 429 644 pene
443 547 689 618 innumerabiles
708 544 848 646 pisorum
871 551 1091 646 magnitudine
1111 572 1148 617 ex
1170 573 1263 620 utero
1285 549 1449 637 effudiil'e,
1471 575 1550 643 quas
1563 569 1638 617 tom.

184 635 252 735 ipse
266 641 366 727 vidit,
381 642 453 712 erili
469 640 654 713 membranai
669 666 758 714 erant
775 645 939 728 involutae,
953 653 986 716 &
998 642 1125 735 liquore
1135 642 1296 739 pellucido
1310 645 1446 741 repletae.
1461 649 1550 717 Cum

184 754 299 806 autem
313 740 345 806 in
366 737 428 806 ltoc
443 735 608 834 systemate
626 741 692 808 duo
717 736 774 808 lint
792 739 955 809 intelled'tu
971 736 1126 822 difficilia,
1146 761 1212 808 non
1227 739 1487 811 videriveficulas
1509 737 1550 807 ab

183 835 300 900 orario
318 831 425 903 divelli
445 820 531 926 polle
546 889 555 916 ,
571 856 668 928 arque
684 857 718 902 ut
730 832 919 903 divellantur
931 831 1152 902 membranam
1170 835 1237 928 qudt
1250 839 1396 904 orarium
1411 836 1551 906 involvi-

184 945 259 1009 tur,
274 933 409 998 omnino
424 928 546 999 obstare
562 933 734 1020 quominus
760 926 845 998 foras
864 930 989 1027 prodire
1013 950 1133 1022 queant
1155 951 1163 994 t
1191 933 1291 1024 priori
1310 928 1490 1001 difficultati
1512 952 1550 998 rx

183 1015 406 1091 observatione
428 1030 472 1096 D.
495 1025 535 1091 du
556 1029 623 1118 Puy
644 1027 841 1105 occurritur,
858 1023 949 1094 alteri
965 1045 1097 1117 quoque
1120 1029 1245 1092 occurri
1265 1025 1367 1122 potest
1386 1051 1422 1094 ex
1441 1022 1550 1097 obser-

182 1117 315 1185 vatione
330 1121 351 1186 a
365 1120 461 1188 D..de
481 1118 508 1186 la
532 1123 613 1188 Hire
627 1118 711 1187 fadi&
725 1123 756 1187 in
772 1116 906 1212 piscibus
919 1142 956 1187 err
974 1140 1088 1211 genere
1110 1116 1202 1187 Galei
1220 1145 1228 1187 :
1244 1144 1318 1189 nam
1336 1123 1368 1187 in
1389 1125 1424 1191 iis
1440 1125 1549 1191 ovarir

181 1204 482 1307 foraminibusque
499 1211 554 1282 sub
569 1210 669 1281 sensus
685 1217 839 1299 ueniunt,
856 1211 928 1283 sunt
944 1208 1066 1309 pertusa
1089 1239 1105 1281 :1
1119 1236 1157 1280 ac
1179 1210 1247 1284 fieri
1261 1215 1364 1310 potest
1383 1239 1416 1285 ut
1437 1222 1469 1285 iu
1480 1215 1549 1285 ali-is

182 1305 398 1375 animantibus
414 1310 495 1378 adeo
510 1306 567 1377 smt
581 1308 695 1395 exilia,
708 1330 742 1376 ut
762 1305 817 1378 sub
830 1309 942 1379 oculos
963 1332 1029 1378 uon
1053 1309 1166 1376 cadant
1184 1363 1194 1394 ,
1213 1332 1268 1379 aut
1282 1305 1346 1406 ipsa
1364 1310 1547 1383 formentur

182 1420 259 1466 eum
279 1426 328 1470 rer
341 1398 405 1497 ipsa
426 1409 535 1499 exigit.
1507 1438 1511 1444 ·

231 1500 322 1570 XVl.
339 1501 400 1566 Die
410 1498 526 1568 ultimo
543 1494 730 1569 Decembris
744 1505 821 1579 1698
845 1499 935 1571 D.de
949 1498 977 1568 la
990 1504 1071 1570 Hire
1082 1497 1269 1570 sttudl'uram
1282 1498 1414 1572 &usum
1437 1504 1543 1593 cujus-

181 1594 257 1663 dam
284 1591 478 1663 membranae
493 1618 563 1688 quae
581 1599 614 1662 iu
633 1597 742 1662 avium
766 1595 865 1664 oeulis
889 1600 1057 1681 occurrit,
1083 1617 1247 1689 quamque
1267 1599 1314 1666 D.
1340 1597 1486 1667 Perrault
1513 1605 1553 1670 irs*

182 1688 369 1759 mechanici
388 1690 574 1759 animalium
598 1709 694 1757 vocat
715 1693 841 1784 nigrum
864 1688 1086 1787 marsupium,
1113 1711 1167 1758 aut
1191 1689 1361 1774 loculum,
1387 1690 1549 1788 exposuit.·

185 1787 269 1854 blaec
284 1782 467 1853 membrana
487 1788 520 1854 in
538 1788 641 1855 vitreo
664 1782 800 1854 bumote
816 1787 860 1854 est
874 1784 1031 1854 collocata
1055 1841 1065 1872 ,
1091 1781 1170 1852 bafia
1187 1790 1253 1875 ejus
1276 1788 1310 1852 in
1337 1785 1439 1856 fundo
1458 1790 1546 1859 oculi
1636 1845 1640 1847 .

183 1876 263 1964 srta,
290 1877 343 1947 ubi
358 1903 472 1950 nervus
493 1884 619 1977 opticus
638 1874 719 1948 subit
744 1879 898 1965 oculum,
928 1901 1106 1950 extremum
1130 1876 1265 1949 alterurn
1290 1875 1383 1949 instar
1410 1881 1553 1955 funiculi

150 2057 154 2065 ι
179 1978 286 2044 tenuis
301 1971 471 2068 crystallini
494 1973 637 2043 humoris
652 1966 741 2066 lateri
756 1972 948 2045 adhaerescit.
989 1979 1069 2044 Haec
1085 1997 1156 2044 atro
1183 1971 1293 2042 colore
1318 1966 1481 2062 inlicitur,
1506 2001 1552 2048 ex-

175 2065 268 2139 foliis
286 2068 407 2137 constat
419 2065 526 2166 figurat
548 2066 769 2163 triangularis,
793 2066 943 2164 cujusque
967 2068 1118 2169 trianguli
1147 2067 1229 2138 latus
1247 2073 1420 2143 minimum
1441 2097 1545 2144 mern·

176 2159 286 2234 branae
306 2163 431 2232 cuidam
448 2165 584 2236 cohaeret
603 2219 614 2248 ,
636 2174 706 2257 quac
719 2184 822 2232 totam
845 2187 982 2259 occupat
996 2169 1084 2233 nervi
1098 2167 1197 2260 optici
1218 2164 1349 2232 oculum
1364 2169 1545 2266 ingredien.

178 2261 220 2328 ris
233 2255 355 2343 basim,
374 2266 407 2329 δι
423 2258 495 2331 loca
510 2257 574 2357 ipsa
592 2262 624 2326 in
650 2255 880 2351 quaedesrnunt
896 2259 965 2328 haec
985 2258 1141 2328 foliorum
1153 2255 1252 2327 latera
1266 2256 1337 2330 sunt
1351 2262 1438 2356 quast
1462 2271 1543 2334 toti.

176 2354 253 2423 dem
273 2355 351 2423 radii
370 2357 391 2425 a
411 2379 524 2427 centro
542 2350 733 2424 membranae
752 2355 942 2449 prodeuntes
961 2409 972 2437 ,
992 2373 1133 2446 quorum
1155 2374 1294 2421 extrema
1311 2357 1343 2423 in
1359 2357 1550 2431 funiculum*

176 2447 430 2538 contrahuntur,
453 2450 505 2521 hic
529 2447 616 2519 velut
631 2447 791 2542 quoddam
814 2448 950 2517 tendinis
963 2470 1061 2543 genus
1072 2446 1221 2533 videtur,
1249 2450 1306 2538 qui
1324 2451 1344 2518 ὲ
1362 2453 1469 2521 medio
1483 2453 1540 2524 ba-

176 2540 216 2614 sts
255 2545 338 2614 rodit
359 2546 396 2614 ad
419 2545 637 2642 crystallinum
649 2539 746 2636 usque
764 2544 935 2637 produdlus
951 2543 1026 2611 huic
1039 2540 1176 2611 adheret
1193 2575 1203 2629 3
1219 2541 1305 2612 aliud
1319 2544 1471 2640 cujusque
1483 2547 1539 2619 fo·-

176 2638 213 2710 lli
231 2571 314 2710 latus
328 2641 424 2734 idque
444 2640 571 2739 longius
585 2696 595 2724 ,
609 2635 802 2708 &nonnihil
824 2661 958 2708 curvum
971 2645 1004 2708 in
1020 2643 1123 2708 vitreo
1138 2633 1273 2706 humore
1300 2635 1447 2713 flubium.
1489 2649 1538 2714 Hi

174 2732 316 2805 folliculi
332 2735 513 2806 exilioribus
530 2732 606 2805 vasis
620 2730 783 2802 suntrons
799 2731 885 2818 ersi,
902 2737 990 2828 iique
1006 2757 1039 2805 ut
1052 2731 1138 2803 fibrae
1164 2754 1282 2801 rarneae
1297 2740 1330 2803 ὃ(
1347 2734 1538 2808 musculares

175 2853 342 2925 apparent.
376 2833 478 2925 idque
491 2833 605 2901 clarius
617 2851 687 2899 rum
704 2759 921 2924 conibicitur,
939 2854 1012 2897 curn
1032 2854 1101 2925 pars
1116 2825 1170 2896 illa
1189 2850 1276 2921 aque
1295 2827 1356 2898 fuit
1375 2832 1536 2919 immersu,

173 2921 244 2994 lraec
266 2932 353 2996 enirn
367 2948 474 2995 atrum
492 2926 635 2996 colorem
650 2920 812 3017 quoillita
830 2945 918 3006 erat,
939 2921 1100 3020 abstergit.
1133 2925 1214 3015 Qrae
1229 2922 1359 3016 quidem
1387 2930 1419 2994 in
1435 2919 1545 3022 figuris¹

175 3043 290 3116 quarta
309 3023 448 3091 secunda
463 3019 578 3090 tabulae·
596 3024 639 3108 eri
661 3016 762 3086 incisae
784 3021 900 3089 iruueti
913 3019 1009 3091 licet..

222 3117 321 3213 Qod
334 3139 441 3186 autem
458 3118 496 3185 ad
517 3115 609 3203 hujus
624 3110 712 3185 follis
731 3171 741 3199 ,
759 3136 815 3185 aut
835 3112 935 3184 loculi
949 3110 1038 3184 usum
1054 3117 1189 3209 attinet,
1203 3112 1288 3184 huuc
1302 3112 1345 3185 D'.
1361 3116 1401 3183 de
1413 3114 1442 3186 la
1454 3120 1537 3189 Hire

171 3210 285 3282 avibus
301 3216 437 3281 omnino
456 3211 666 3282 necellarium
687 3207 878 3297 arbitratur,
903 3233 939 3280 ur
961 3231 1017 3279 cos
1040 3207 1155 3305 quibus
1168 3209 1295 3280 aluntur
1309 3206 1397 3279 ribos
1411 3210 1536 3301 ,seren

171 3327 252 3378 nant
265 3364 275 3393 ,
289 3305 376 3376 secus
389 3331 445 3377 eos
457 3332 523 3376 non
539 3312 750 3403 perciperent.
785 3307 839 3376 Sir
857 3311 944 3376 enim
964 3305 1051 3374 oculi
1073 3309 1105 3388 in
1125 3303 1237 3374 avibus
1251 3301 1487 3403 lunr’dispofiri,
1498 3333 1542 3386 ur-

172 3427 288 3474 eorum
301 3401 413 3471 orbitae
427 3402 472 3472 ita
486 3399 545 3472 srnr
561 3407 669 3470 cranio
682 3396 807 3487 incisae,
821 3399 1066 3495 urlongirudine
1089 3404 1199 3492 capitis
1214 3395 1368 3493 obversa,
1383 3425 1459 3493 que
1475 3428 1536 3471 an.

171 3495 311 3570 trorsum
327 3497 425 3592 posita
449 3496 518 3565 sunt
535 3504 568 3567 δι
587 3499 671 3563 circa
693 3495 784 3564 rostri
805 3498 954 3589 apicem,
972 3491 1111 3586 obliquis
1124 3513 1250 3560 tantum
1265 3492 1357 3559 radiis
1371 3492 1547 3590 aspiciant,-

170 3603 207 3667 &
229 3590 358 3663 confusa
373 3593 545 3689 srtpidura
562 3612 667 3657 rerum
682 3585 904 3679 objectarum,
922 3609 957 3657 ut
970 3588 1076 3657 videre
1088 3589 1130 3655 est
1144 3592 1177 3655 in
1190 3584 1274 3679 lente
1290 3590 1389 3656 vitrea
1405 3591 1547 3686 accensg

144 3705 147 3711 '
170 3688 310 3760 candelae
331 3714 368 3759 ex
383 3688 520 3782 obliquo
545 3683 694 3775 objecta,
711 3681 777 3751 haec
790 3688 878 3754 enirn
898 3708 964 3754 non
981 3682 1185 3768 distindlam,
1203 3677 1252 3747 scd
1272 3678 1439 3752 confusam
1457 3708 1535 3754 can-

169 3783 248 3856 delae
265 3788 440 3880 imaginem
454 3789 486 3853 in
500 3781 609 3850 chatti
625 3775 772 3878 oppofitd
785 3781 952 3876 depingit..
984 3782 1028 3846 At
1047 3774 1243 3875 crystallinus
1261 3773 1378 3846 humor
1398 3782 1438 3848 ad
1461 3804 1533 3851 ram

170 3879 283 3950 orbitae
299 3878 609 3978 parremaddudius,
631 3900 703 3970 quae
721 3880 834 3969 majori
854 3874 939 3944 oculi
953 3874 1072 3970 angulo
1089 3868 1291 3969 respondet„
1304 3872 1408 3945 radios
1430 3881 1547 3972 magis>-

167 3977 330 4062 dircen-a,
351 3983 384 4045 dc
405 3979 538 4071 propius
552 3971 594 4040 ad
619 3969 880 4068 perpendiculum
895 3970 1079 4039 accedentes
1098 3971 1242 4062 excipit:
1262 3992 1332 4038 turn
1348 3976 1435 4042 enim
1459 3994 1532 4039 ten-

167 4073 244 4144 dide
264 4076 273 4139 i
300 4069 360 4140 dus
375 4064 523 4165 marsupii
536 4090 590 4137 aut
604 4065 691 4135 follis
707 4121 718 4150 ,
740 4069 761 4134 a
784 4089 852 4158 quo
868 4064 1033 4134 adducitur
1048 4059 1151 4131 versus
1169 4061 1254 4157 oculi
1269 4062 1405 4135 fundum
1421 4120 1431 4148 ,
1451 4087 1544 4134 cum¹

167 4195 190 4239 o
216 4097 319 4262 pollio
339 4164 510 4261 crystallini
524 4162 620 4231 latere
632 4165 772 4256 erigitur.
803 4162 893 4230 Nam
948 4152 1068 4227 ocellus
1080 4157 1195 4226 ciliatis
1212 4155 1287 4227 huic
1310 4166 1413 4230 motui
1435 4155 1530 4229 facile

165 4193 363 4357 obsequitur·
393 4265 474 4354 Quo
490 4258 621 4353 quidem
633 4257 732 4325 modo
747 4255 822 4324 radii
837 4263 893 4349 qui
909 4183 1082 4325 llbmorem
1095 4274 1235 4347 aqueum
1252 4276 1466 4351 penetrarunt,
1476 4256 1528 4323 di-

164 4361 254 4430 redde
270 4361 303 4425 in
326 4346 551 4451 crystallinum
558 4359 724 4423 incurrunt
739 4351 969 4424 &distindlarn
982 4355 1016 4423 in
1029 4349 1150 4437 retina,
1171 4353 1270 4419 autin
1291 4348 1442 4420 rhotoide
1456 4354 1527 4448 pic.

166 4475 273 4524 turam
295 4453 480 4547 depingunt.
1386 4541 1389 4546 Ι

217 4548 356 4619 Loculus
375 4568 483 4614 autem
507 4542 563 4614 ille
586 4599 597 4631 ,
618 4562 674 4613 aut
698 4564 765 4613 atra
792 4565 942 4614 crumena
966 4566 1034 4612 non
1047 4536 1133 4613 aliud
1151 4541 1303 4637 quiddam
1323 4540 1445 4639 videtur
1465 4535 1539 4613 effi·

165 4665 279 4744 ptaetet
299 4638 478 4714 musculum
497 4664 543 4708 ex·
557 4643 652 4708 uariis
672 4636 848 4710 conflatum
874 4634 1025 4708 folliculis
1047 4689 1059 4720 ,
1087 4662 1228 4730 quorum
1255 4659 1334 4704 unus
1355 4636 1409 4705 est·
1425 4639 1538 4707 tendo¹

164 4743 378 4828 communis,
402 4739 459 4836 qui
475 4733 657 4856 crystallino
670 4731 851 4807 adhaercl'cir
861 4789 874 4822 ,
895 4752 1026 4805 utrum
1044 4727 1149 4805 versus
1171 4728 1408 4921 oculisfppdqim
1425 4734 1538 4803 adum·
1630 4804 1633 4808 Α
