3646 5430
372 355 703 433 ACADEMIAE
772 351 1112 432 HISTORIA.
1137 347 1266 433 [inv.
1495 384 1508 431 1

134 507 138 516 .
165 453 312 525 Cometa
334 460 412 524 anni
435 461 517 528 1680
545 448 675 524 eosdem
698 450 868 525 celeritatis
892 450 1009 548 gradus
1032 451 1274 524 estconsecutus
1292 478 1376 552 quoa
1405 381 1662 552 tx‘l'lylAstWi
1785 520 1790 529 .

173 549 288 631 ebonis
321 546 595 620 observationibus
620 571 676 643 per
703 543 797 618 conse
823 570 933 619 uenter
970 547 1036 618 dier
1069 553 1156 646 prior
1196 572 1322 621 cometa
1361 553 1529 622 decurrere
1543 558 1626 614 Μ·
1672 572 1679 588 ·

168 642 256 715 visus
270 643 344 719 sirit.
377 648 468 716 Adeo
482 667 516 714 ut
531 641 607 713 hinc
622 572 905 736 conjectarilicear
918 642 1056 713 eundem
1076 641 1168 713 fuisse
1192 669 1354 719 cometam
1376 650 1436 741 qui
1459 645 1531 745 post

167 762 270 810 titiam
283 766 337 812 aut
356 741 460 838 plures
476 739 625 836 periodos
641 740 776 810 eandem
789 734 950 825 semitam,
962 736 1073 809 eadem
1089 739 1217 837 vestigia
1231 738 1367 815 infistere
1382 738 1463 813 visus
1473 740 1529 816 est.

167 833 255 907 llltrd
271 861 405 931 quoque
418 834 459 905 ab
472 860 512 904 eo
527 831 630 903 suerat
642 828 844 903 observatum
858 832 963 929 plures
974 830 1054 905 alios
1077 858 1144 903 non
1159 832 1270 932 procul
1293 835 1334 905 ab
1354 841 1392 909 ed
1417 833 1529 910 semita

167 930 352 1028 progrellos
365 988 377 1020 ‚
390 931 471 1002 adeo
486 952 521 1000 ut
541 951 601 998 nec
613 927 748 1026 amplius
767 953 866 1025 quam
879 928 1013 1005 zodiaci
1025 925 1190 1002 latitudine
1209 928 1251 1001 ab
1275 955 1316 1000 eo
1329 941 1456 1006 tramite
1469 935 1529 1005 de-

167 1025 363 1114 reuerent,
380 1051 419 1096 ac
475 1021 627 1095 culiarem
648 1024 826 1095 Zodiacum
854 1045 988 1095 cometa
1013 1020 1216 1122 frequentare
1229 1026 1404 1103 videantur.
1438 1034 1529 1104 Cum

170 1145 284 1195 tamen
298 1122 404 1219 plures
416 1049 615 1193 alllcometae
634 1122 674 1190 ad
687 1119 825 1190 eundem
838 1124 1002 1192 tramitem
1021 1125 1163 1191 revocari
1185 1146 1252 1192 non
1278 1121 1400 1219 pollent
1419 1184 1430 1213 ,
1450 1125 1530 1199 illud

168 1219 398 1291 excutiendum
415 1215 574 1315 supererat
592 1240 632 1287 an
644 1213 730 1286 forte
744 1214 878 1309 quidam
901 1219 934 1285 in
957 1212 1165 1312 conspesium
1193 1218 1337 1289 nostrum
1359 1227 1530 1310 venirent,

171 1315 378 1408 qoieandetn
392 1336 447 1385 aut
461 1314 641 1410 proximam
666 1309 831 1382 curtialiis
853 1309 930 1382 alibi
950 1308 1122 1384 observaris
1144 1317 1261 1385 inirent
1274 1318 1386 1394 viam,
1413 1341 1535 1413 quem.

174 1409 354 1481 admodum
373 1430 502 1480 cometa
524 1409 602 1476 anni
624 1434 636 1482 1
648 1431 726 1506 577
747 1405 886 1478 eundern
919 1411 1021 1479 tenuit
1049 1409 1174 1479 cursum
1202 1434 1277 1480 curn
1300 1407 1429 1486 cometa
1457 1419 1535 1487 anni

181 1513 316 1579 1680.
878 1564 885 1578 ,
1553 1578 1556 1585 .

231 1608 275 1674 V.
310 1597 506 1693 Huiusmodi
525 1598 587 1671 suit
602 1622 729 1672 cornera
741 1602 798 1696 qui
811 1594 917 1670 mense
930 1593 1111 1697 Septembri
1130 1598 1222 1695 hujus
1234 1605 1308 1675 anni
1329 1599 1350 1672 a
1373 1611 1419 1680 D.
1443 1606 1482 1678 de
1506 1604 1539 1679 la

177 1701 265 1771 Hire
283 1702 422 1793 primum
444 1694 507 1766 fuit
519 1694 736 1792 deprehensus.
779 1699 810 1764 Is
826 1696 912 1763 eninr
927 1695 1060 1764 eandem
1077 1692 1201 1789 prorsus
1216 1701 1318 1769 tenuit
1335 1704 1423 1773 viam
1439 1727 1539 1798 quam

160 1814 310 1863 ‘cometa
321 1799 377 1886 qui
391 1787 496 1864 mense
515 1789 774 1862 Decembrianni
794 1802 866 1887 1652
876 1795 1024 1888 apparuit
1041 1844 1054 1876 ,
1077 1792 1254 1867 instituisset
1271 1791 1321 1883 ,si
1344 1796 1461 1869 diutius
1480 1795 1539 1870 sub

184 1885 300 1957 oculos
314 1886 456 1961 venisset.

153 2029 159 2035 -
240 1986 279 2053 Er
298 1983 428 2077 quidem
446 1988 488 2055 D·
506 1979 654 2055 Callinus
665 2005 741 2054 com
754 1986 872 2081 primas
888 1978 981 2064 liuius
996 2000 1130 2055 cornetae
1144 1982 1379 2058 observationes
1391 1984 1470 2058 fecit
1481 2041 1492 2072 ,
1503 1990 1541 2062 in

180 2080 220 2150 ed
237 2103 301 2149 erar
319 2082 472 2171 opinione
485 2101 629 2148 cometas
641 2077 701 2149 else
721 2103 825 2151 novos
837 2077 914 2148 coli·
927 2074 1036 2149 soerus.
1073 2080 1162 2152 Cum
1177 2104 1286 2153 tamen
1300 2084 1412 2178 postea
1426 2083 1543 2154 adver-

179 2174 264 2247 tillet
279 2196 405 2244 motum
421 2174 503 2244 illius
518 2174 709 2267 inequalem
721 2176 760 2246 ad
779 2196 898 2244 certam
912 2167 1120 2267 equalitatem
1135 2182 1277 2248 revocati
1298 2176 1409 2275 posse,
1434 2182 1482 2250 uti
1508 2181 1542 2252 in

181 2270 320 2366 planetis
334 2272 461 2351 evenit,
479 2276 544 2362 jam
556 2268 741 2340 addubitare
756 2272 854 2365 coepit
867 2293 908 2337 an
928 2290 995 2335 non
1016 2265 1100 2337 sorte
1122 2296 1254 2341 cometae
1267 2277 1347 2343 inter
1360 2300 1453 2346 veros
1471 2273 1543 2372 pla·

180 2390 273 2436 netas
292 2363 389 2434 essent
401 2362 598 2434 adscribendi
610 2418 619 2448 ‚
633 2365 714 2436 adeo
730 2386 765 2434 ur
782 2385 853 2434 tum
869 2359 900 2432 se
914 2360 1068 2432 videndos
1089 2364 1267 2458 praebeant,
1280 2394 1354 2438 curn
1364 2391 1454 2440 terrae
1469 2367 1547 2444 sunt

184 2465 352 2559 propiores
368 2462 411 2544 ,ii
429 2483 507 2528 vero
525 2454 555 2526 se
569 2458 669 2529 oculis
682 2459 796 2530 nostris
810 2453 1009 2543 subducant,
1029 2479 1104 2526 cum
1124 2462 1145 2530 a
1173 2458 1265 2532 nobit
1290 2462 1416 2558 longius
1436 2490 1548 2545 remos„

183 2579 312 2628 ventur.
351 2559 459 2647 Hujus
478 2575 612 2623 cometa
630 2554 783 2627 diameter
800 2557 902 2646 minui
917 2549 981 2623 visa
994 2553 1038 2622 est
1058 2553 1237 2628 citatione
1260 2561 1324 2653 qud
1345 2583 1453 2631 motus
1476 2569 1545 2648 ejus

182 2675 340 2750 apparens
354 2651 472 2719 tardior
488 2670 567 2734 erar,
578 2645 634 2719 sub
653 2660 720 2745 ejus
733 2654 862 2722 initium
878 2675 911 2737 9,
922 2670 980 2719 aut
993 2673 1029 2721 io
1040 2652 1156 2746 gradus
1167 2652 1354 2726 decurrebat
1364 2679 1423 2754 2ac
1438 2656 1545 2752 postea

185 2752 270 2827 intra
281 2750 372 2838 unius
388 2743 597 2814 bebdomada
618 2740 753 2843 spatium
766 2751 819 2815 vix
832 2748 913 2817 duos
930 2745 1044 2842 gradus
1063 2745 1231 2834 confecit,
1247 2771 1384 2846 tumque
1400 2762 1467 2837 ejus
1483 2778 1546 2849 ap·

187 2869 301 2941 parens
313 2843 464 2910 diameter
480 2840 592 2910 eidem
609 2865 688 2936 pene
706 2845 830 2926 ratione
842 2838 1054 2913 decrescebat.
1079 2843 1161 2914 illud
1173 2842 1368 2940 consequens
1382 2846 1549 2917 videbatur

187 2947 346 3034 majorem
360 2935 441 3005 illius
452 2939 472 3006 ai
482 2958 565 3006 terra
579 2937 758 3007 distantiam
773 2933 911 3006 intrusa
925 2931 987 3006 esse
1001 2959 1058 3005 tur
1073 2944 1139 3021 eius
1149 2942 1302 3010 diameter
1317 2964 1471 3036 apparens
1484 2944 1549 3011 mi·

188 3058 351 3105 niteretur.
386 3031 473 3101 Cum
491 3035 588 3128 igitur
607 3031 694 3102 nulla
708 3031 774 3124 spes
786 3030 861 3102 esset
881 3031 953 3101 sore
965 3052 1000 3100 ur
1015 3033 1083 3129 post
1105 3060 1224 3133 paucos
1239 3035 1304 3105 dies
1316 3031 1550 3135 subaspeslunt

190 3129 333 3199 nostrum
349 3130 567 3212 veniret,rum
586 3133 630 3201 D.
650 3125 798 3199 Caffinus
818 3126 994 3225 inepisloli
1007 3129 1046 3196 ad
1069 3124 1296 3203 sereniffimum
1317 3134 1446 3207 Ducem
1468 3140 1551 3206 Mu-

188 3222 344 3297 tinensem
366 3221 479 3319 scripta
494 3224 660 3390 &publici
677 3227 753 3318 juris
775 3223 862 3296 sarra
885 3224 975 3322 quod
988 3229 1047 3296 iter
1059 3226 1233 3300 institueret
1243 3251 1382 3317 cometa,
1396 3229 1418 3300 si
1434 3233 1552 3304 diutius

191 3319 321 3392 visibilis
335 3320 418 3391 soret
430 3373 439 3400 ‚
451 3345 534 3409 expo
550 3326 606 3393 nit.
1263 3401 1266 3404 Α

248 3420 307 3489 vl.
330 3423 408 3488 Hoc
420 3412 523 3512 ipsum
543 3419 633 3487 itera
651 3419 696 3488 D.
712 3414 847 3488 Callino
861 3415 1059 3514 designatum
1079 3424 1181 3490 renuit
1201 3442 1328 3492 cornera
1343 3418 1456 3490 mensis
1469 3421 1554 3519 Sep-

194 3510 326 3587 tembris
346 3511 437 3603 hujus
452 3516 526 3578 anni
541 3568 551 3596 ,
569 3537 622 3609 pet
646 3509 785 3605 clipeum
802 3510 926 3598 Persei,
946 3536 1001 3608 per
1017 3522 1084 3604 ejus
1103 3514 1219 3584 faciem
1232 3569 1243 3597 ,
1258 3538 1313 3608 per
1335 3511 1441 3584 ensem
1462 3572 1473 3601 ,
1497 3539 1554 3612 per

193 3632 279 3708 genu
299 3605 502 3701 Cassiopea,
527 3632 580 3703 per
595 3602 741 3692 lumbos,
771 3632 827 3706 per
840 3615 907 3699 ejus
929 3605 1116 3696 cathedram
1129 3610 1243 3678 eodem
1281 3605 1383 3678 torsus
1404 3615 1436 3679 in
1453 3610 1555 3703 loco,

193 3705 249 3775 ubi
266 3703 329 3775 visa
349 3703 391 3773 est
410 3725 497 3772 nova
510 3703 595 3773 stella
609 3706 685 3774 anni
698 3726 770 3791 1572
787 3707 935 3775 omnium
956 3702 1227 3775 Astronomorum
1251 3632 1373 3798 sbriptis
1385 3703 1558 3780 celebrata.

196 3809 282 3894 Haeq
291 3799 453 3898 praedidlio
466 3796 659 3870 innitebatur
677 3798 953 3871 observationibus
964 3821 1045 3891 quas
1058 3795 1177 3869 stertat
1191 3803 1257 3868 und
1270 3821 1345 3866 erun
1365 3799 1560 3877 Marehione

195 3895 353 3967 Malvasra
374 3893 457 3964 ddie
473 3918 502 3963 11
522 3891 711 3965 Decembris
722 3897 762 3966 ad
777 3898 866 3967 diem
875 3893 973 3990 usque
990 3920 1027 3964 κ)
1040 3891 1178 3982 ejusdem
1195 3891 1328 3978 menfis,
1345 3920 1560 3989 qtrequecurrr

194 3993 266 4065 aliis
290 3989 450 4062 duabusa
476 3989 640 4063 Cardinali
670 3993 968 4091 Boucompagnone
990 3989 1244 4088 Arebiepiseopo
1269 3989 1458 4061 Bononienfi
1485 4015 1561 4063 anre

193 4086 303 4175 factis,
319 4096 352 4160 dr
370 4111 406 4156 er
420 4081 491 4155 aliis
509 4084 667 4157 florentia
680 4083 779 4156 missis
793 4088 815 4157 d
828 4081 1032 4155 Sereniffinio
1050 4089 1195 4178 Principe
1215 4089 1282 4157 Leo
1328 4083 1487 4172 ldo‚hunc
1500 4111 1569 4157 co·

198 4207 308 4255 meren
339 4189 512 4280 inmagno
533 4181 654 4251 circulo
697 4185 730 4251 ui
749 4182 934 4282 eclipticam
951 4183 985 4247 in
1009 4183 1047 4254 28
1073 4205 1122 4277 gr.
1145 4186 1244 4253 Tauri
1278 4110 1427 4266 lllabn,
1464 4185 1560 4253 &in

197 4279 415 4351 declinatione
445 4290 491 4367 76
531 4301 579 4373 gt·
614 4207 720 4348 versut
751 4280 932 4372 Aquarium
969 4273 1165 4346 collocatum
1194 4276 1284 4349 fuisse
1321 4275 1563 4372 persuadebant.

199 4380 303 4538 Hpnc
319 4372 489 4471 citroli-tm·
505 4377 707 4453 rennuunt
729 4367 1235 4466 u.,cal1inus,conle11moner
1255 4393 1327 4471 quc
1352 4370 1566 4444 occurrebant

198 4472 261 4540 dei
287 4495 377 4543 nani.
1565 4480 1571 4504 ⁴

216 4597 219 4603 ·
251 4496 333 4663 &a
355 4564 454 4663 usque
467 4564 533 4655 ad3
548 4565 805 4660 januariilsa'&
824 4565 899 4638 sunt
911 4555 1160 4646 observationer,
1170 4554 1335 4662 paululum
1348 4563 1508 4635 declinare
1526 4566 1567 4636 ad

196 4662 379 4751 Orientem
390 4687 509 4749 contra
521 4661 701 4738 institarum
713 4667 920 4735 eomctaeiter
934 4654 1237 4757 persuadebantur
1249 4659 1436 4728 Astronomi
1455 4662 1569 4732 comer

203 4780 274 4845 ram
291 4756 357 4832 setc
370 4763 404 4849 in.
423 4761 541 4847 eodem
562 4755 942 4838 mcuoaonunuerunt.
965 4751 1155 4852 ‚Reliquum
1167 4753 1435 4922 liuprtTcometm
1451 4761 1511 4830 iter
1529 4772 1573 4830 ex

304 4866 313 4878 ⁴
876 4857 888 4878 '
1263 4937 1267 4943 Ι
1311 4871 1350 4925 tt
1382 4857 1422 4948 nj
