3646 5430
292 352 351 433 308
608 345 807 415 REGIAE
859 329 1314 410 SCIENTIARUM

158 444 275 521 iiiiii.
292 466 360 536 quo
377 459 526 537 parantur
539 436 694 529 ejusmodi
714 435 858 532 lacryme
876 433 1012 503 modum
1038 455 1048 500 r
1076 451 1153 498 curti
1173 445 1271 523 guttae
1294 425 1369 535 vitri
1388 417 1451 534 full
1475 421 1511 493 in
1533 438 1642 519 uquam

158 551 248 629 περι.
292 537 561 630 eonjedicpartes
581 541 649 622 ejus
668 535 836 602 exteriores
863 533 1004 623 primuni
1027 521 1213 592 indurantur
1234 519 1336 605 ,dum
1355 539 1528 630 interrorer
1549 518 1643 592 adline

292 631 451 720 candent,
468 638 501 701 de
518 627 669 726 paulatim
686 625 934 722 refrigeranturt
955 643 1026 691 turn
1039 621 1127 687 enim
1143 637 1314 713 perparum
1325 619 1409 683 a'e'ris
1428 633 1518 683 intm
1543 612 1642 686 inclufi

291 724 373 794 adeo
388 749 456 796 non
470 725 693 821 comprirnitur
709 742 768 808 ,ut
788 723 965 789 irmarime
984 710 1116 785 rarescat
1146 735 1210 808 prae
1235 706 1342 781 calore
1364 762 1378 798 ‚
1401 730 1467 780 nec
1489 705 1546 780 ille
1559 707 1643 809 pollir

292 816 442 916 lacryma
477 822 590 889 arietes
605 814 692 886 foras
703 836 791 886 tanta
805 819 839 886 vi
855 811 1051 910 protrudere.
1326 902 1332 915 ι
1500 899 1508 914 ·

345 918 421 988 Nec
441 847 582 985 ldcundae
594 908 752 982 sententia
773 933 849 980 cuni
859 907 1082 1004 experimentis
1093 910 1127 974 iii
1140 921 1243 989 tactio
1256 895 1350 970 faciit
1364 919 1525 971 convenit
1542 926 1553 974 r
1575 927 1639 982 enm

293 1012 381 1079 euim
400 1014 564 1080 exinanito
583 1008 654 1078 a'e're
667 1007 895 1077 comminuitur
915 1000 1058 1097 lacryma
1076 1055 1088 1086 ,
1108 1000 1139 1069 id
1159 990 1321 1066 fiennon
1341 992 1449 1090 potest
1471 1016 1512 1063 ex
1527 999 1639 1076 'nimisu

291 1128 326 1174 re
349 1106 461 1175 entino
475 1107 597 1173 externi
611 1102 692 1172 a'e‘ris
705 1108 793 1192 cujus
806 1097 929 1168 nonest
943 1114 1033 1166 tanta
1054 1098 1102 1165 vir
1117 1128 1127 1185 3
1147 1114 1209 1160 nec
1224 1091 1357 1162 demum
1406 1112 1448 1177 ue
1462 1110 1504 1159 ex
1519 1098 1637 1167 nutriit

291 1129 398 1268 subtili
410 1194 540 1268 affertur
554 1200 635 1268 ratio
649 1219 724 1265 curn
744 1193 858 1264 eodem
880 1216 917 1264 er
960 1193 1101 1260 cimento
1111 1180 1268 1259 consentit
1282 1208 1292 1254 t
1305 1208 1383 1255 nam
1431 1184 1505 1255 hac
1520 1195 1636 1261 meria

266 1318 269 1324 ·
289 1296 410 1363 vitrum
431 1295 610 1390 recipientis
624 1294 800 1387 penetravit
812 1292 891 1358 citra
904 1311 925 1355 u
938 1285 1002 1356 lani
1015 1280 1230 1365 frediionem,
1250 1301 1308 1350 eur
1325 1278 1512 1377 lacrymam
1531 1281 1636 1357 infrac-

289 1408 357 1456 tam
376 1412 443 1458 non
503 1387 633 1460 rvadett
656 1390 730 1458 Nec
745 1387 850 1454 minus
862 1383 1000 1452 arctatos
1016 1382 1051 1450 in
1063 1382 1235 1477 recipiente
1253 1399 1365 1473 poros,
1376 1380 1485 1473 quarn
1495 1380 1531 1449 iii
1543 1376 1636 1479 lanp-

292 1482 346 1550 ml
365 1479 454 1554 offeri
478 1486 503 1552 it
517 1478 637 1553 subtilis
654 1477 708 1552 illa
721 1476 901 1550 substantia.
1209 1548 1212 1553 ,

342 1584 372 1650 V
387 1582 400 1645 1
414 1583 466 1650 ΙΙ.
496 1580 673 1648 Rationem
689 1581 800 1670 itaque
817 1571 914 1642 aliam
934 1569 991 1668 ipsi
1002 1572 1199 1667 experientia
1214 1568 1316 1662 magis
1335 1559 1586 1643 consentaneam
1596 1577 1637 1647 vi,-

289 1670 381 1742 detur
394 1668 508 1743 afferre
531 1676 577 1744 D.
601 1669 785 1765 Homberg.
814 1668 1006 1759 lacrymam
1025 1671 1159 1735 vitream
1173 1662 1300 1733 lamine
1324 1658 1468 1757 calybeae
1481 1688 1547 1737 non
1560 1667 1634 1743 (ΗΕ,

291 1764 402 1837 rnileni
416 1788 506 1864 putat
522 1788 677 1861 tutraque
687 1770 776 1837 enirn
787 1761 901 1831 eodem
919 1760 988 1831 fere
999 1760 1100 1829 modo
1115 1763 1149 1827 in
1162 1758 1247 1853 aqud
1266 1757 1311 1827 est
1331 1779 1514 1852 temperata
1527 1762 1635 1851 ἰωὴ

290 1864 425 1932 recocta
445 1866 478 1931 iii
498 1866 573 1958 igne
589 1882 755 1958 acceptam
768 1876 1017 1952 temperaturam
1032 1858 1213 1938 amittunt,
1236 1859 1269 1923 &
1289 1854 1381 1922 omni
1395 1850 1635 1933 elatereeruun.

228 2016 235 2031 ,
289 1976 353 2028 tur.
391 1954 477 2027 Ensis
501 1955 585 2026 bend
610 1977 803 2051 temperatus
825 1951 865 2019 ad
883 1970 1007 2022 eertum
1023 1944 1122 2043 usque
1171 1947 1306 2017 unctum
1324 1951 1516 2020 incurvatur
1534 2006 1547 2040 ,
1567 1974 1632 2030 tum

311 2072 392 2121 artes
413 2074 550 2146 quaeque
566 2044 656 2118 suum
675 2051 833 2146 recipiunt
847 2042 964 2116 situm:
986 2042 1036 2113 sed
1058 2043 1128 2139 plus
1143 1975 1215 2114 laltis
1234 2040 1367 2114 inflexus
1388 2046 1424 2113 in
1451 2042 1548 2119 frusir
1561 2071 1631 2123 een.

287 2074 463 2241 ltingitur,
484 2152 635 2240 &partes
647 2141 770 2238 relique
791 2143 813 2210 al
840 2133 871 2209 se
896 2141 1036 2210 inuicem
1059 2136 1184 2209 divulsa
1212 2135 1292 2209 soris
1310 2147 1344 2208 δι
1365 2136 1458 2211 inttls
1476 2139 1574 2239 presse
1595 2144 1630 2217 ad

287 2238 456 2402 pp'iliinuipir
476 2234 569 2310 situm
586 2260 662 2310 eum
680 2228 969 2337 impeturedlunt,
989 2233 1042 2304 sed
1065 2256 1105 2302 ex
1128 2255 1243 2304 mutuo
1265 2231 1379 2305 collisu
1399 2230 1484 2334 saepe
1500 2239 1536 2310 itt
1553 2237 1630 2337 pluit

287 2356 306 2400 a
330 2354 407 2404 eunt
456 2360 474 2404 a
499 2354 618 2407 menta.

340 2431 421 2499 Non
435 2429 465 2497 d·
492 2428 574 2500 iniili
587 2430 709 2497 rarione
720 2428 755 2495 in
766 2425 914 2525 lacrymis
924 2422 960 2496 fit
971 2429 1110 2523 partium
1120 2422 1237 2496 fractio
1249 2424 1350 2496 eaudl
1360 2420 1520 2522 disrupti.
1552 2432 1625 2503 Nem

285 2546 402 2619 magna
419 2527 452 2596 ri
465 2524 563 2594 cauda
578 2520 717 2593 fledlitur
729 2530 763 2592 δι
780 2519 938 2618 frangitur
953 2577 963 2608 ,
977 2543 1081 2617 partes
1101 2519 1229 2617 relique
1242 2544 1318 2591 cum
1336 2526 1460 2619 magni
1484 2520 1625 2598 celuiirie

284 2613 348 2687 sese
364 2620 530 2690 restituunt
549 2628 584 2692 δι
605 2616 760 2687 collidunt
779 2618 811 2686 se
830 2620 969 2686 inuicem
988 2650 1000 2705 3
1019 2640 1157 2710 cumque
1183 2619 1260 2689 vitri
1283 2624 1419 2686 materia
1434 2616 1473 2689 fit
1496 2614 1624 2718 fragilior

174 2710 176 2715 ’
284 2712 387 2806 quim
402 2710 566 2809 chalybis,
579 2718 613 2782 in
629 2711 734 2783 multo
746 2711 838 2809 plura
848 2708 979 2781 frustula
990 2715 1219 2781 comminuitur
1227 2709 1329 2807 quam
1338 2707 1490 2807 chalybs.

340 2803 428 2877 Ensis
446 2808 592 2877 retostus
610 2805 796 2892 emollitur,
817 2803 975 2900 frangitur
990 2806 1121 2899 quidem
1134 2802 1190 2875 ubi
1208 2809 1347 2875 nimium
1362 2808 1570 2899 incurvatur,
1582 2808 1621 2884 sed

283 2899 353 2968 aliae
375 2926 476 2997 partes
499 2898 578 2971 ensis
592 2902 613 2972 ὲ
628 2899 660 2972 se
675 2923 790 2970 mutuo
808 2925 875 2971 non
890 2899 1082 2971 divelluntur
1100 2955 1112 2986 ,
1134 2923 1201 2970 non
1215 2904 1302 2970 enirn
1314 2903 1350 2970 in
1359 2896 1459 2972 situm
1473 2906 1619 3005 pristim

283 2996 501 3070 restituuntur.
525 2998 614 3067 Idem
624 2999 732 3067 euenit
744 3002 778 3066 in
791 2997 941 3092 lacrymis
952 2994 1008 3066 ubi
1020 2997 1154 3066 recocta
1164 2994 1304 3069 suerunt.

338 3092 399 3160 Sed
414 3116 471 3162 cur
487 3089 536 3161 lac
577 3118 628 3184 uie
638 3095 754 3179 majori
765 3098 798 3162 vi
808 3093 1072 3161 comminuuntur
1089 3095 1123 3160 in
1135 3114 1259 3177 vacuo,
1273 3115 1374 3186 quain
1387 3098 1424 3167 iii
1440 3096 1619 3190 liberorire,¹

282 3189 366 3256 ratio
382 3191 514 3258 niiniine
527 3212 549 3254 o
572 3187 661 3256 scura
677 3186 723 3254 est
746 3211 755 3257 :
780 3193 871 3260 Nam
883 3182 939 3255 ubi
950 3191 1003 3257 a‘e‘r
1018 3210 1085 3257 non
1102 3183 1165 3255 fuit
1180 3184 1444 3273 exhaustorum
1456 3192 1617 3293 fragma

281 3280 484 3379 impressione
495 3278 581 3350 fasta
596 3285 628 3349 iri
639 3285 710 3351 a'e'ta
724 3278 915 3353 resistentem
930 3285 1049 3352 minori
1065 3286 1188 3378 impetu
1202 3287 1456 3375 concutiuntur,
1472 3292 1615 3387 &mgni

280 3400 318 3446 ex
338 3400 426 3473 parte
441 3382 488 3447 vis
504 3375 560 3446 illa
573 3376 775 3463 retunditur,
796 3400 872 3447 curn
881 3377 1032 3446 exhausto
1042 3382 1113 3446 aere
1125 3379 1285 3463 majorini
1297 3380 1330 3448 iii
1343 3386 1617 3485 recipieiirimpin·

279 3493 357 3568 gant
372 3525 382 3554 ,
397 3471 539 3568 illudque
556 3471 715 3542 interdurn
725 3470 897 3568 frangant,
912 3472 1000 3569 quod
1011 3470 1090 3541 nihil
1100 3477 1138 3542 iis
1150 3469 1264 3544 obstet.

322 3571 396 3640 IX.
435 3572 499 3638 Die
519 3596 538 3650 9
562 3563 720 3638 Februarii
751 3567 932 3664 perillustris
956 3564 1064 3638 abbas
1088 3570 1132 3633 D.
1158 3567 1198 3637 de
1228 3570 1371 3641 Loirvois
1392 3596 1545 3649 truncum
1561 3574 1617 3649 tul

279 3687 354 3732 cum
371 3664 476 3731 radice
491 3662 604 3759 palma
627 3685 669 3732 ex
692 3661 802 3733 Africa
820 3660 971 3749 allatuin,
985 3667 1063 3735 &in
1077 3663 1215 3761 lapidem
1233 3665 1423 3738 conversum
1436 3666 1617 3837 afferripd

279 3756 326 3827 sit·
364 3762 481 3851 Neque
493 3758 525 3826 id
535 3756 668 3827 dubium
680 3757 741 3827 elle
756 3757 883 3856 potest,
904 3764 983 3855 quin
1002 3783 1039 3829 ea
1061 3756 1099 3828 fit
1124 3783 1198 3828 vera
1218 3765 1253 3828 &
1273 3767 1412 3855 genuina
1429 3789 1550 3837 conver
1604 3798 1616 3855 ς

279 3855 328 3919 uti
347 3855 393 3921 D.
406 3851 445 3919 de
458 3850 489 3920 la
507 3857 589 3922 Hire
607 3848 725 3948 scripto
741 3858 775 3922 in
793 3852 876 3923 Atta
888 3851 1015 3952 publica
1031 3855 1137 3951 postea
1156 3853 1257 3923 relato
1273 3856 1516 3931 demonstravit.
1539 3866 1616 3937 Nam

278 3947 343 4014 duo
358 3939 427 4014 suiit
445 3943 583 4035 ejusdem
601 3952 706 4015 trunci
723 3947 824 4018 frulla
864 3973 910 4017 iiae
932 3974 1007 4019 curti
1021 3950 1091 4020 aliis
1110 3949 1219 4019 itidem
1243 3948 1367 4022 duobus
1378 3952 1484 4047 liujus
1509 3955 1615 4027 arborii

275 4039 395 4109 collata
413 4036 610 4136 consimilem
631 4047 769 4138 partium
788 4050 821 4114 dc
840 3974 998 4116 (bbrarum
1023 4046 1211 4115 structuram
1234 4043 1336 4117 oculis
1355 4047 1430 4147 ipsis
1447 4046 1615 4143 subjicire.

275 4139 349 4207 Nec
362 4138 468 4204 niinor
480 4135 523 4203 esi
541 4133 658 4206 horum
673 4135 797 4207 silicur'n
809 4140 937 4210 durities
952 4146 1054 4235 quam
1070 4144 1239 4210 marmoris
1266 4167 1275 4208 i
1306 4137 1387 4212 sono
1409 4139 1484 4240 ipso
1501 4155 1536 4219 dt
1550 4170 1615 4244 gra·

273 4236 372 4302 vitate
390 4239 402 4323 (
417 4255 492 4299 nain
504 4230 607 4300 decies
626 4236 786 4329 graviores
807 4232 877 4303 sunt
896 4237 1008 4306 eadem
1041 4235 1128 4307 mole
1151 4233 1229 4329 ligni
1254 4237 1266 4322 )
1298 4234 1460 4330 lapideam
1482 4263 1615 4311 naturam

274 4328 425 4424 produnt.
451 4325 598 4397 Alterum
622 4350 660 4396 ex
675 4325 723 4395 bis
748 4327 935 4495 fragmentis
949 4332 1029 4400 duos
1050 4332 1144 4429 pedet
1158 4327 1294 4422 longum
1318 4339 1352 4402 dc
1372 4338 1523 4430 quinque
1541 4338 1614 4432 dgr·

275 4442 325 4491 tos
340 4420 441 4490 latum
465 4427 573 4520 portio
586 4445 653 4493 erat
673 4427 778 4494 trunci
811 4447 856 4493 uo
879 4429 1000 4496 cortice
1016 4426 1138 4498 nudati.
1184 4424 1281 4496 Fibra
1299 4450 1415 4498 omnes
1434 4432 1470 4499 in
1491 4432 1615 4530 longum

300 4518 457 4597 roduetae,
484 4523 568 4590 inrui
590 4542 695 4597 cava,
719 4517 933 4616 parenchyma
958 4515 1088 4616 ipsum,
1114 4515 1166 4591 seu
1192 4545 1263 4618 part
1278 4544 1392 4594 carnea
1412 4529 1499 4595 inter
1516 4521 1616 4599 euid-

275 4541 349 4681 bras
369 4614 532 4707 interjecta
553 4614 647 4683 instar
668 4614 797 4708 glutinis
813 4612 980 4686 firmissimi
999 4618 1150 4690 induruit.
1188 4618 1289 4721 Qud
1314 4641 1423 4688 autem
1447 4616 1535 4693 fibrae
1551 4646 1618 4693 tan-

272 4730 372 4802 quam
387 4706 491 4786 tubuli
510 4706 571 4783 sint
598 4714 739 4793 excavati
753 4765 765 4804 ,
779 4736 853 4787 eam
874 4714 1033 4791 rationem
1055 4711 1164 4788 atuilit
1184 4716 1233 4794 D.
1261 4713 1302 4788 de
1321 4712 1354 4789 12
1379 4719 1468 4796 Hire
1491 4772 1507 4815 ,
1533 4713 1615 4819 ΨΜ
