3646 5430
154 489 276 561 ‘aaa

131 651 132 655 r
160 596 250 674 1672.

293 402 355 457 ιιο
620 366 818 442 REGIAE
856 361 1315 440 SCIENTIARUM
1439 349 1477 390 ⁷

690 665 1033 751 carue
1151 668 1261 753 ιι.

529 853 716 947 monis&
744 867 893 946 uana,
915 852 959 943 d·
977 850 1233 938 chameleontis
1256 865 1440 940 Anatim.

302 1045 331 1110 1.
358 1036 569 1207 PRimrim
591 1036 759 1132 quidema
778 1037 897 1104 Leonis
908 1027 1119 1128 descriptione
1131 1055 1299 1129 creptum,
1323 1038 1459 1106 exterior
1477 1032 1563 1107 illius
1582 1030 1656 1108 sors

432 1158 485 1202 ma
502 1142 651 1229 &partes
671 1134 838 1200 interiores
851 1124 1072 1198 observatione
1087 1127 1189 1224 dignae
1201 1129 1240 1196 ad
1262 1135 1373 1200 vivum
1387 1126 1559 1224 expressa,
1582 1148 1653 1226 qua

305 1253 380 1300 curn
402 1226 513 1298 felium
552 1224 669 1297 artibus
685 1247 835 1321 magnam
849 1225 994 1292 videntur
1004 1217 1120 1290 habere
1136 1228 1363 1318 cognationem
1378 1249 1386 1292 :
1403 1246 1479 1293 narn
1504 1228 1540 1293 in
1559 1222 1653 1295 utris-

306 1348 371 1418 que
384 1321 502 1418 septem
528 1343 585 1393 unt
597 1324 711 1413 jecoris
723 1315 814 1403 lobi,
838 1317 931 1413 cystis
952 1313 1046 1384 fellea
1062 1318 1095 1383 in
1116 1311 1227 1384 iisdem
1239 1315 1428 1387 animalibus
1440 1313 1658 1407 anfrauuosa,

306 1427 342 1488 δι
382 1413 445 1487 uasr
458 1420 491 1487 in
504 1420 605 1486 varias
625 1414 752 1485 cellulas
767 1410 882 1488 divisa,
903 1431 1053 1507 pancreas
1068 1432 1201 1504 quoque
1219 1420 1252 1483 dr
1266 1410 1484 1482 mediastinum
1495 1410 1564 1485 fere
1578 1437 1615 1485 ut
1626 1420 1660 1486 in

306 1444 448 1598 selsbus3
471 1534 588 1605 magna
606 1512 641 1578 in
660 1507 835 1578 mediastini
856 1502 1042 1574 membrana
1089 1526 1166 1600 rope
1190 1530 1379 1576 mucronem
1407 1505 1509 1577 cordis
1536 1513 1660 1578 cavitas

304 1610 534 1772 ι’ἐιῗιείρίιιιις
559 1602 646 1675 oculi
669 1624 749 1702 peue
776 1597 989 1685 consimiles,
1019 1528 1138 1694 pedum
1169 1599 1334 1698 unguiculi
1366 1608 1400 1672 dt
1428 1597 1567 1672 officula
1588 1627 1660 1674 nou

331 1705 341 1769 i
367 1701 479 1773 rmilia.

359 1801 417 1869 11.
437 1796 506 1865 Cor
525 1793 673 1892 amplum
696 1801 730 1865 δι
754 1798 855 1886 majus
869 1791 970 1886 quam
995 1795 1028 1863 in
1049 1789 1117 1862 aliis
1138 1773 1327 1864 animalibus
1345 1827 1355 1883 ς
1374 1790 1474 1891 ampli
1488 1799 1555 1876 eius
1577 1817 1659 1864 verr·

181 1894 192 1909 “
309 1888 442 1962 rriculi:
462 1891 545 1960 unde
559 1890 688 1961 mollius
702 1892 849 1986 appamit
860 1908 1035 1982 antequam
1055 1883 1229 1976 secaretur3
1252 1890 1408 1960 carotides
1430 1895 1565 1981 majores
1584 1887 1657 1958 visae

311 1983 421 2056 habita
447 1983 567 2055 cerebri
597 1987 720 2055 ratione
742 2036 753 2067 ,
777 1982 867 2076 quod
897 2004 956 2074 pto
985 1978 1070 2050 rnole
1094 1987 1238 2078 corporis
1260 1984 1427 2079 angustum
1450 1981 1541 2053 valde
1563 2005 1657 2072 crat3

310 2085 365 2149 vix
382 2085 467 2149 enirn
486 2081 565 2148 duos
584 2076 717 2175 pollices
733 2080 768 2144 in
788 2096 900 2143 omnes
914 2097 1018 2171 partes
1030 2071 1158 2172 patebat
1173 2102 1182 2146 ε
1197 2075 1249 2146 sed
1261 2083 1405 2148 cranium
1423 2073 1565 2173 spissum,
1576 2099 1658 2150 tcm-

312 2200 431 2271 porum
440 2169 574 2242 musculi
588 2171 763 2243 admodum
779 2165 869 2238 cralsr
892 2175 926 2240 δι
941 2167 1056 2266 longi,
1073 2176 1095 2239 a
1110 2165 1236 2243 summo
1256 2177 1359 2270 capite
1379 2176 1470 2259 orci,
1492 2169 1551 2242 ubi
1570 2170 1658 2252 velut

313 2269 406 2338 crista
421 2268 566 2364 quadam
580 2273 751 2362 prominet.
1310 2345 1313 2353 ‚

366 2369 476 2459 Quare
496 2365 608 2458 capitis
630 2362 732 2432 moles
752 2371 786 2436 dt
809 2362 907 2434 robur
921 2383 958 2430 cx
973 2359 1128 2433 strudura
1145 2358 1259 2433 ollium
1275 2363 1356 2434 adeo
1379 2359 1472 2431 firma
1492 2419 1503 2450 ,
1532 2387 1659 2435 necnon

314 2481 354 2530 cx
375 2452 593 2528 musculorum
615 2455 749 2529 craffitie
761 2454 983 2555 proficiscitur.
1010 2461 1111 2536 Parva
1125 2454 1245 2526 cerebri
1270 2484 1309 2528 co
1333 2462 1364 2527 ia
1389 2452 1521 2529 feritatis
1548 2456 1660 2551 potiris

311 2555 418 2649 quam
432 2553 585 2622 tarditatis
596 2550 753 2623 indicium
766 2554 890 2622 videtur
908 2577 916 2622 :
931 2573 1005 2619 nam
1032 2555 1065 2619 in
1085 2550 1192 2620 vitulis
1210 2485 1376 2648 copiobm
1401 2552 1446 2619 est
1470 2608 1481 2638 ,
1505 2551 1584 2624 crim
1605 2551 1657 2621 leo

315 2653 400 2720 inter
420 2643 604 2732 animalia,
634 2670 674 2717 ex
702 2644 852 2739 omnibus
877 2668 958 2742 pene
979 2640 1187 2742 scriptoribus
1210 2643 1382 2744 perspicaci
1408 2649 1539 2743 ingenio
1560 2645 1658 2716 done-

320 2766 383 2816 tur.

366 2840 426 2907 111.
490 2833 553 2901 uod
570 2833 615 2922 fi,
630 2852 666 2905 ut
684 2832 784 2932 vulgis
808 2836 944 2906 creditur
964 2888 976 2921 ,
1002 2840 1154 2908 continua
1169 2833 1252 2906 febri
1265 2834 1390 2908 laboret
1412 2892 1423 2922 ,
1454 2832 1519 2906 lrac
1538 2833 1656 2906 bumo-

316 2957 392 3004 rum
408 2951 497 3026 putre
523 2931 566 2999 'ni
585 2935 637 3000 vix
652 2927 761 3000 referri
773 2931 876 3026 potest
888 2953 964 3000 acce
987 2952 1044 3003 ta:
1070 2957 1146 3003 nam
1164 2929 1267 3002 calido
1288 2939 1321 3003 dr
1341 2930 1474 3001 humido
1498 2928 1585 3000 coelu
1599 2929 1658 3002 dis-

318 3025 443 3109 sersus,
457 3046 525 3093 non
538 3027 618 3096 adeo
640 3021 789 3095 soeridum
809 3025 943 3094 odorem
963 2957 1139 3123 spargebat.
1165 3022 1394 3096 Acverisrmiie
1408 3027 1453 3096 est
1474 3022 1577 3094 bilem
1620 3049 1658 3096 ua

310 3119 487 3205 abundat,
505 3119 539 3189 in
559 3115 649 3190 causa
661 3109 721 3189 else
743 3143 800 3189 cur
818 3119 900 3190 adeo
915 3115 952 3188 fir
965 3120 1126 3216 longaevus
1148 3143 1252 3212 ;nam
1267 3118 1366 3189 bilem
1387 3119 1449 3193 effe
1463 3116 1552 3190 velut
1563 3051 1658 3190 balsa-

319 3239 412 3288 mum
432 3211 597 3308 quoddam
611 3218 645 3283 in
667 3237 803 3310 corpore
824 3212 1036 3300 animalium,
1062 3239 1164 3312 eaque
1186 3211 1330 3285 adversus
1354 3217 1558 3314 putredinem
1582 3217 1658 3285 tueri

318 3311 394 3385 satis
411 3303 577 3406 probabile
591 3309 731 3382 videtur.

366 3412 426 3480 lv.
454 3409 492 3472 In
508 3405 619 3473 Leaena
632 3400 752 3473 collum
765 3402 841 3494 juba
856 3402 1038 3475 destitutum
1051 3428 1118 3478 erat
1139 3443 1149 3496 3
1173 3431 1216 3477 un
1240 3430 1293 3477 ues
1306 3428 1343 3476 ut
1356 3409 1389 3474 in
1403 3401 1552 3474 leonibus
1573 3427 1611 3476 cx
1625 3403 1661 3475 fi-

318 3497 412 3573 brusa
431 3493 600 3570 substantia
615 3503 659 3569 ita
680 3492 852 3615 composui
872 3521 961 3570 erant
973 3554 983 3583 ,
997 3522 1032 3572 ur
1040 3498 1126 3570 fibra
1141 3433 1266 3598 siagria
1280 3497 1382 3570 solida
1394 3493 1492 3587 essent
1509 3506 1545 3570 δι
1567 3524 1657 3572 com-

343 3599 421 3667 adiae
435 3650 446 3682 ,
459 3593 509 3665 sed
522 3589 617 3664 sacili
629 3616 737 3665 tamen
750 3617 773 3664 a
790 3588 822 3662 se
839 3595 976 3663 invicem
996 3589 1179 3693 separabiles
1197 3594 1241 3665 ob
1256 3592 1429 3664 siccitatem
1446 3647 1456 3676 ,
1481 3615 1518 3662 ut
1528 3598 1562 3664 in
1573 3593 1659 3694 ligno

319 3623 439 3761 bbroso
453 3689 542 3785 quod
554 3684 742 3759 cxsrccarum
757 3683 885 3759 facilirls
904 3687 1073 3760 dividiturr
1098 3713 1201 3787 partes
1218 3692 1416 3788 generationi
1436 3686 1596 3760 destinata
1603 3713 1661 3788 pe-

322 3808 364 3852 ne
376 3809 412 3854 ur
425 3790 457 3853 in
471 3779 602 3852 canibus
615 3780 839 3855 conformatae.

372 3885 416 3950 V.
449 3879 591 3946 Inonem
608 3879 733 3968 excepit
753 3899 943 3972 perparvum
966 3877 1083 3948 animal
1102 3878 1223 3950 diuum
1237 3873 1461 3964 Chameleon,
1486 3876 1576 3974 quali
1591 3905 1663 3980 par.

319 3996 379 4041 vus
396 3972 448 4040 leo
462 4024 474 4055 ,
488 3991 586 4062 quam
605 3966 649 4037 ob
666 3973 822 4038 rationem
838 3970 987 4042 nonsatis
1003 3973 1104 4067 liquet
1118 4001 1127 4044 :
1151 3997 1225 4041 uam
1249 3970 1395 4041 deforme
1420 3970 1501 4041 illud
1526 3975 1664 4046 animal-

322 4066 431 4137 culum
446 4065 574 4133 leonem
586 4061 673 4131 nulla
690 4057 733 4131 sui
747 4084 835 4162 parre
851 4062 957 4139 refert.
987 4071 1032 4136 Ex
1046 4093 1160 4162 genere
1185 4066 1228 4136 est
1249 4067 1488 4161 quadrupedum
1508 4092 1582 4161 quae
1594 4066 1664 4140 suut

322 4166 478 4258 ovipara,
493 4178 529 4226 ut
545 4156 724 4228 crocodilus
746 4179 801 4228 aut
815 4158 974 4249 lacertus,
1004 4185 1078 4231 cum
1100 4157 1214 4258 quibus
1229 4162 1353 4232 videtur
1368 4168 1529 4254 majorem
1549 4162 1663 4235 babere

323 4253 571 4337 similitudinem.

373 4350 481 4420 Multa
494 4352 528 4414 in
540 4371 581 4416 eo
595 4343 663 4418 sunt
676 4352 886 4424 obervatione
905 4354 1002 4450 digna
1021 4375 1092 4447 qua
1114 4376 1190 4423 cum
1206 4355 1354 4424 accurati
1383 4350 1503 4425 fuerint
1523 4379 1561 4426 ex
1586 4353 1663 4428 lica·

321 4469 354 4518 ta
366 4450 399 4515 in
414 4440 622 4539 descriptione
635 4437 730 4515 semel
747 4451 911 4517 &iterum
930 4449 1036 4532 edita,
1051 4444 1233 4518 summatim
1246 4474 1283 4518 ea
1296 4450 1461 4518 decurrere
1471 4443 1543 4519 sartis
1554 4381 1662 4524 berit.

321 4544 412 4613 Nam
440 4537 503 4606 hoc
528 4535 756 4610 animalculum
780 4551 847 4631 jam
866 4568 952 4614 anno
980 4554 1072 4633 1669.
1091 4540 1195 4614 fuerat
1217 4539 1384 4614 dirsecnm
1415 4599 1427 4630 ,
1458 4565 1557 4640 atque
1577 4544 1664 4617 illius

324 4638 501 4710 Historiam
512 4634 546 4701 in
559 4634 642 4700 bunc
657 4631 767 4706 locum
785 4642 961 4727 rejecimus.
1564 4709 1570 4718 ,

366 4740 397 4804 V
420 4736 448 4806 1.
491 4731 635 4802 Ptirnum
661 4728 715 4803 ille
738 4726 944 4805 intumescere
967 4736 1007 4805 ad
1030 4732 1159 4807 libitum
1185 4742 1220 4809 dt
1248 4731 1462 4808 detumescere
1484 4735 1663 4822 videbatur,

1570 4851 1665 4925 arque
