3646 5430
370 370 704 455 'A'CADEM'IAE
774 374 1266 457 HlsTORrii.tn;v;
1467 394 1538 485 183·

163 486 281 553 fetens
301 467 402 546 affusa
417 478 461 548 est
477 533 488 562 ,
503 501 630 550 morum
645 479 785 549 stillatim
800 481 999 551 continuavit
1020 501 1094 547 cum
1119 476 1204 571 aqud
1227 501 1420 578 expurgata:
1442 496 1530 578 cujus
1544 483 1632 574 erist

166 569 311 647 effictus
332 571 399 642 haec
420 574 544 643 videtur
563 571 676 660 causa,
692 577 780 671 quod
799 575 894 646 bullae
914 598 953 644 ex
969 598 1053 668 aqua
1079 569 1431 671 ubertim-prodeuntes
1458 607 1529 650 ma·
1545 597 1665 648 namt·

167 693 273 768 gnam
288 672 387 738 eturis
403 691 525 765 partem
543 669 696 766 oppleant
711 727 720 757 ,
744 673 925 765 undl'aqua
938 694 978 740 eo
993 691 1082 738 crure
1094 690 1244 739 contenta
1258 669 1360 742 levior
1372 675 1416 745 est
1430 676 1540 771 quam·

170 788 212 837 ut
225 788 344 859 aquam
364 759 812 836 brevioriramoeonclusam
832 766 938 837 secum
959 763 1070 835 trahat.
1119 766 1156 833 ln
1177 788 1261 861 aqua
1284 792 1457 868 expurgata
1477 773 1535 841 de·
1578 768 1587 785 ‘

170 858 247 931 sunt
261 858 322 929 illae
333 856 513 929 airisbullae
527 862 606 929 :Sed
623 860 678 930 ubi
694 866 747 931 a'e'r
759 864 939 933 admittitur
951 866 1039 931 intra
1047 856 1184 954 globum
1193 914 1205 949 ,
1220 883 1292 935 tum
1311 860 1405 936 bullae
1419 871 1547 940 aretine·

168 951 432 1055 peeffaelibetum
443 977 533 1050 aqua:
547 953 711 1027 ttanfitum
726 959 876 1056 praebent
1598 957 1623 971 ”

187 1152 1532 1259 w.

177 1266 179 1270 ⁴
605 1276 1131 1378 cavuttr..
1638 1330 1641 1334 -

374 1512 432 1581 De
462 1497 517 1578 his
547 1522 627 1609 qua¹
651 1494 703 1578 ad
729 1501 931 1577 naturalem
947 1495 1114 1614 speeiem
1141 1499 1352 1586 historiam.»
1462 1581 1466 1585 ,

180 1709 220 1784 Γ..
318 1758 338 1783 .-
355 1707 498 1807 Couplet
512 1708 563 1780 die
580 1711 759 1808 &januarii
773 1712 970 1780 mentionem
987 1711 1064 1784 fecit
1078 1706 1241 1808 cujusdam
1255 1707 1366 1811 plexlls
1383 1710 1550 1802 radicum

320 1830 387 1902 quo
399 1829 489 1899 aquae
505 1805 618 1877 duetus
641 1805 709 1876 tubi
726 1803 869 1903 plumbei
883 1808 1030 1896 hrcolii,
1054 1808 1163 1906 vulgd·
1180 1807 1347 1901 Arqueiiil
1367 1861 1378 1886 ,
1405 1803 1556 1879 secundo

183 1901 226 1976 ab
243 1900 322 1972 urbe
335 1900 460 1972 milliari
471 1899 589 1971 obstrui
607 1899 721 1989 solent,
737 1904 858 1997 quique
869 1899 974 1997 vulpis
988 1906 1123 1975 caudam
1143 1900 1251 1990 refert,
1269 1902 1354 1972 unde
1373 1909 1405 1974 δε
1422 1919 1550 1973 nomem

180 1997 275 2072 suum
298 1998 411 2069 duxit.
436 2001 518 2067 Eum
533 1997 612 2067 nihil
633 1995 692 2068 elle
709 1998 867 2093 comperit
881 2015 992 2092 praeter
1009 1996 1110 2070 salicis
1128 1998 1269 2087 radices,
1295 2022 1366 2092 quae
1390 1994 1549 2070 tuborum

181 2094 369 2194 glutinum,
387 2092 601 2162 eumdum
622 2112 787 2191 penetrant
798 2148 809 2178 ,
821 2113 919 2188 atque
931 2091 986 2163 ubi
1000 2098 1085 2165 intus
1096 2090 1218 2164 subiere
1242 2151 1254 2182 ,
1276 2090 1318 2162 sic
1331 2114 1520 2191 vegetantur
1534 2140 1558 2180 ,a

182 2199 220 2264 dc
240 2187 378 2258 humore
389 2210 480 2281 aquae
493 2192 537 2259 ita
550 2183 751 2275 excrescunt,
778 2210 813 2258 ιιι
829 2185 998 2262 occludam
1017 2187 1112 2260 rubos
1125 2186 1308 2287 ,plumbeos
1326 2244 1337 2275 ,
1359 2204 1548 2259 aemorum

183 2309 277 2381 aquae
288 2286 516 2379 intercipiant.
541 2287 630 2354 Tum
652 2288 698 2355 D.
715 2281 849 2379 Galloyr
866 2285 954 2377 quod
974 2285 1054 2355 olim
1070 2289 1103 2354 in
1117 2284 1215 2353 horto
1235 2282 1380 2355 illusttill:
1396 2287 1441 2355 D.
1461 2283 1547 2378 Col-

181 2379 276 2466 bert,
290 2404 321 2447 v.
342 2381 476 2467 Seaux,
493 2401 615 2476 quarto*
629 2377 670 2449 ab
683 2378 762 2448 urbe
784 2377 916 2447 milliari
930 2384 1067 2466 evenit,
1082 2377 1175 2450 nobis
1198 2382 1355 2449 enarravit
1376 2404 1384 2447 ι
1409 2376 1493 2448 tubis
1504 2376 1562 2448 ste

183 2475 359 2548 obstructis
375 2497 449 2543 cum
464 2501 530 2544 non
548 2474 827 2546 aliud'remedium
852 2494 1035 2544 occurreret
1064 2531 1074 2559 ,
1098 2473 1200 2567 quam
1222 2477 1318 2542 variis
1337 2477 1370 2544 in
1396 2472 1475 2543 locis
1493 2497 1563 2542 eos·

183 2568 402 2667 disrumpere,
417 2593 452 2640 ur
472 2594 540 2665 quo
560 2575 592 2638 in
607 2570 683 2640 loco
696 2569 749 2639 illa
765 2566 840 2638 ellet
859 2567 957 2636 cauda
974 2567 1105 2667 vulpina
1120 2566 1350 2655 innotesceret,
1382 2568 1550 2640 industrius

184 2690 260 2741 tum
272 2670 427 2762 temporis
437 2665 571 2762 aquilex·
582 2671 714 2736 nomine
727 2662 917 2758 leJongleur
934 2662 1012 2733 nihil
1036 2691 1056 2733 o
1082 2688 1116 2733 us
1130 2658 1191 2732 effe
1213 2667 1292 2733 dixit
1316 2684 1409 2735 tanto
1427 2661 1562 2750 labore,

184 2783 246 2835 aut
258 2760 386 2857 sumptu
400 2785 489 2856 ,quo
501 2765 533 2831 in
552 2760 628 2830 loco
643 2785 679 2831 ea
689 2756 930 2831 delitesceretse
944 2756 1034 2830 brevi
1047 2691 1312 2856 deprehensorum
1328 2815 1338 2844 ,
1353 2762 1450 2855 idque
1459 2757 1500 2830 ab
1509 2779 1566 2828 ιο·

181 2856 364 2933 sedtumut
382 2878 552 2953 receperat
599 2860 695 2927 Secus
712 2878 868 2951 aquarum
893 2854 1005 2923 duetus
1021 2877 1089 2927 erat
1113 2853 1257 2947 quadarn
1287 2848 1376 2925 series
1396 2852 1566 2940 salicum,-

184 2976 289 3024 tmam
305 2951 794 3048 praealiisadverteratvegetam
805 2956 838 3021 δι
854 2952 1031 3039 virentem,
1047 2943 1244 3042 hanc-ipsam
1257 2944 1318 3018 elle
1331 2949 1565 3046 quaetaudatn·

182 3045 357 3145 ,vulpinam
371 3044 535 3125 emiserat,
555 3071 620 3118 non
636 3046 808 3119 dubitavit
1461 3138 1463 3142 ι
1482 3138 1484 3142 Ι

187 3212 190 3217 .
249 3148 320 3215 ΙΙ.,
346 3140 429 3211 lllud
444 3166 578 3238 quoque
596 3143 636 3212 ad
657 3141 836 3213 naturalem
848 3138 1185 3238 pertiner‘hilloriam,
1208 3140 1296 3236 quod
1321 3143 1421 3216 D.de
1437 3145 1552 3213 Teura

187 3237 301 3316 nefort
316 3236 357 3307 ad
372 3260 431 3306 nos
449 3239 555 3308 retulit
569 3239 621 3308 die
641 3266 678 3329 29
697 3240 839 3333 Januarii
855 3242 875 3308 a
890 3244 935 3310 D.
953 3241 1112 3308 Matrinio
1123 3236 1257 3327 Lislcre*
1272 3240 1431 3310 Societatt
1444 3236 1566 3335 Regu-

185 3330 385 3408 Iaondinenh
396 3328 426 3401 se
440 3331 614 3432 accepille,
629 3356 775 3404 montem
789 3327 849 3403 elle
866 3338 899 3403 in
911 3331 1070 3404 Hibernia
1081 3356 1095 3420 ¹,
1108 3337 1141 3403 in
1153 3359 1221 3427 quo
1234 3330 1377 3406 visuntur
1394 3333 1567 3403 columnae·

180 3429 348 3524 ,ex-lapide
365 3429 490 3498 astroire
503 3432 691 3526 compatiar,
700 3450 809 3521 eaeque
824 3429 954 3522 p-pedes
966 3428 1062 3513 alrae·,
1081 3427 1273 3498 &diametri
1293 3430 1441 3523 apedum
1466 3460 1476 3513 3
1504 3426 1552 3499 la*

188 3528 242 3627 pis
259 3523 313 3594 ille
325 3524 467 3593 allroites
508 3521 569 3592 uast
588 3523 711 3594 dstellis
723 3519 865 3619 pluribus
874 3519 981 3617 ligurae
992 3521 1175 3617 hexagona·
1184 3520 1373 3617 plerumque
1399 3527 1553 3619 compin‘-
1611 3539 1616 3543 '

187 3626 301 3721 gitur,
319 3641 456 3713 quarum
474 3548 625 3688 ailiaaliis
638 3612 881 3689 incumb'mt&
892 3623 927 3686 in
940 3613 1109 3782 hpuramp
1150 3614 1322 3686 amidalem
1336 3614 1488 3688 deh'uunt·
1508 3622 1567 3688 Ex³

189 3718 309 3790 eodem
325 3707 436 3783 clariis.
453 3717 525 3781 viro
544 3719 670 3806 aceepit
690 3719 735 3785 D.
747 3757 749 3761 .
761 3710 801 3781 de
826 3715 958 3782 Tourne
977 3735 1028 3781 ort
1047 3711 1104 3781 illu
1143 3709 1251 3780 multis
1276 3716 1501 3812 experimentis
1519 3719 1569 3784 ιιι

180 3816 355 3890 -Sucierate
369 3809 479 3906 Regia·
491 3806 584 3879 fadlis
596 3832 798 3908 compertum
812 3807 903 3879 soille
914 3807 1101 3882 animalium
1113 3804 1298 3904 sanguinem
1309 3811 1466 3882 ad-totius
1479 3833 1556 3881 corz

181 3911 287 4011 ,poris
299 3903 424 4001 pondus
441 3960 451 3990 ,
466 3926 501 3973 ut
515 3904 689 4001 plurimum
703 3904 764 3976 elle
774 3927 853 3991 ute,
874 3905 999 3979 adzo.-

246 4008 325 4075 111.
355 3999 443 4070 Cum
460 4000 498 4069 de
513 3996 699 4096 phosphore
710 3999 955 4071 exoceastonea
979 4019 1082 4069 eretur
1093 4000 1144 4070 die
1158 4025 1200 4074 ιο
1216 4001 1357 4097 Aprilis,
1374 4008 1424 4076 D:
1439 4002 1555 4072 Hom

177 4096 274 4197 llerg
293 4096 464 4168 admonuit
486 4099 615 4164 urimm
636 4120 750 4166 eorum
765 4100 822 4190 qui
839 4026 987 4167 cerevihgd
1008 4115 1140 4165 utuntur
1152 4093 1339 4195 phosphoto
1353 4095 1574 4170 conficiende‘
1682 4110 1686 4119 “

193 4200 299 4293 magis
314 4189 376 4264 elle
394 4192 570 4278 idoneam,
584 4191 689 4288 quam
699 4216 815 4262 eorum
828 4196 885 4288 qui
898 4195 1009 4263 vinum
1024 4212 1160 4286 potant,
1174 4217 1233 4263 ac·
1245 4191 1465 4293 phosphorum
1485 4216 1555 4264 ma*

180 4314 293 4392 ‚gnam
307 4287 367 4358 suae
387 4291 513 4358 virtutis
526 4312 653 4383 partem
662 4291 809 4359 amittere
822 4290 856 4357 in
868 4289 935 4358 vini
952 4281 1072 4386 spiriru.

241 4387 365 4457 Eodem
389 4404 521 4545 quopue
545 4378 720 4480 spectant,
749 4408 865 4478 nempe
887 4385 926 4454 ad
944 4408 1063 4456 naturae
1089 4384 1263 4482 hystoriam
1276 4383 1514 4457 ‘ohservationes
1535 4386 1576 4458 a*

195 4475 441 4645 D.MHomberg
473 4474 1054 4578 astat-circulapidemllononieusem
1073 4474 1576 4579 quaeabeosvntexposnaerdier

226 4642 232 4655 ,
286 4599 389 4646 artu..

180 4605 225 4671 '9
253 4676 284 4740 Ia
298 4670 435 4766 quidem
443 4665 592 4765 sulphure
604 4667 743 4744 abundat
751 4702 765 4761 ·,
778 4672 865 4769 quod
876 4669 933 4770 'per
943 4671 1187 4746 calcinatiouem
1202 4677 1284 4772 ignis
1297 4674 1331 4740 vi
1345 4692 1391 4740 ex·
1401 4692 1490 4770 parte
1500 4671 1560 4744 ab*

192 4763 424 4874 Qllfassd·
435 4789 510 4866 pars
525 4763 610 4843 iuius
624 4760 823 4869 superficiem
844 4766 957 4869 lapidis
979 4767 1075 4840 instar
1091 4767 1219 4844 levioris
1233 4768 1400 4856 tinctura,
1411 4766 1578 4862 &devicta

1275 4859 1371 4963 lle-e.
1391 4867 1431 4961 t.
