3646 5430
274 377 604 460 ‘acanum
637 377 974 456 HISTORIA.
1030 380 1174 459 Lini.
1390 391 1432 482 ὃς

51 479 229 566 fibudesn
254 477 348 554 ilica
365 503 480 552 centro
494 471 579 548 nisus
592 498 648 547 aut
662 477 825 551 tendentia
849 534 860 567 ,
885 477 976 577 quod
990 479 1315 555 motuillocirculati
1328 483 1424 555 desti-
1466 479 1518 550 De

53 606 180 663 tantur
195 608 205 654 t
222 603 297 655 tum
319 583 409 650 enim
433 584 472 648 iis
486 574 604 651 cedunt
627 573 745 670 quibus
758 575 844 645 adest
860 575 915 646 ille
938 596 1067 665 motus,
1090 599 1189 674 atque
1211 583 1244 650 in
1266 577 1331 652 boc
1354 578 1422 678 ipso
1436 586 1549 675 grevi3

52 688 187 785 pravitas
202 673 361 751 confillit.
389 678 464 748 Nec
476 693 586 747 tamen
601 667 776 741 uecelleest
787 693 822 740 ut
858 695 941 744 artes
954 697 1066 743 omnes
1080 676 1174 767 limus
1193 681 1333 748 materia
1346 676 1423 749 flui-
1440 690 1522 766 tare,
1555 670 1559 677 ⁴

14 822 21 841 .
51 777 259 858 &circulari
272 796 370 846 motu
383 771 565 852 donentur,
586 760 702 838 satisid
716 764 811 840 fucrit
825 698 858 840 il
863 777 968 866 major
988 765 1025 841 stt
1048 777 1145 874 copia
1162 796 1274 845 earum
1300 800 1372 872 quae
1387 780 1423 854 in
1501 761 1508 770 ⁶

51 878 162 954 «bem
265 895 332 945 tur.

95 898 366 1052 Xxigudoenim
379 964 478 1038 ctalla
493 963 549 1036 illa
568 973 602 1038 δι
617 987 736 1062 magna
749 988 888 1060 corpora
911 991 982 1063 quae
1001 963 1106 1041 versui
1119 994 1267 1044 centrum
1289 995 1422 1069 protru.

53 1079 169 1149 'duntur
193 1068 291 1160 ,lruc
306 1065 385 1137 illuc
405 1061 644 1160 impellentur,
672 1071 706 1131 δι
731 1056 907 1158 superficies
929 1088 1043 1134 eorum
1069 1071 1173 1137 varios
1204 1066 1277 1140 itus
1307 1067 1422 1142 conse·
1450 1081 1457 1095 ’

54 1191 197 1268 queritur
220 1190 233 1234 i
249 1187 321 1231 nain
335 1183 376 1229 ex
390 1157 558 1230 sentillam
580 1155 700 1228 babent
717 1157 1018 1233 determinationem
1034 1196 1044 1250 3
1071 1188 1207 1261 quaeque
1221 1171 1255 1236 in
1264 1188 1301 1243 ea
1311 1170 1424 1235 incur.

53 1287 130 1336 runt
148 1254 336 1358 corpuscula
361 1277 472 1328 motus
487 1253 656 1323 circulares
675 1258 709 1322 in
733 1254 837 1324 rectos
858 1279 914 1352 pet
936 1255 1141 1329 reflexionem
1162 1257 1423 1336 commutabunt

53 1365 133 1435 lr'no
150 1356 267 1428 subtilis
279 1352 333 1424 illa
354 1355 491 1424 materia
505 1375 572 1420 non
585 1350 689 1447 potest
701 1345 850 1420 crassiora
867 1375 1005 1447 corpora
1022 1381 1210 1451 permeare,
1237 1366 1315 1460 quin
1340 1360 1374 1426 in
1388 1383 1426 1430 ea

54 1461 139 1554 imp'
226 1508 237 1540 ‚
253 1453 338 1522 &in
351 1451 456 1519 varias
470 1468 575 1545 partes
587 1443 758 1542 impellat,
774 1467 809 1514 ut
826 1470 948 1517 meatus
971 1453 1059 1519 varie
1085 1449 1156 1524 sunt
1180 1454 1347 1556 dispositi,
1371 1476 1428 1531 aut

56 1478 233 1651 supeffids
248 1546 291 1616 ad
304 1540 441 1617 diversas
467 1543 580 1613 mundi
605 1563 711 1641 patrea
740 1537 978 1632 obvertturiut,
1003 1568 1059 1616 aut
1085 1546 1274 1647 corpuscula
1293 1559 1376 1627 inter
1395 1554 1429 1627 se

59 1671 198 1719 conitere
218 1650 347 1737 majora
376 1635 521 1711 efficiunt
548 1662 697 1737 corpora.
732 1642 771 1708 ln
797 1635 847 1706 liis
875 1636 1066 1734 labyrinthis
1095 1653 1226 1720 materia
1255 1648 1352 1721 fluida
1373 1677 1429 1726 aut

57 1741 154 1816 silere
163 1744 323 1842 cogitur,
344 1760 400 1809 aut
415 1740 574 1808 inomner
596 1756 699 1837 partes
755 1735 888 1805 rrestas
899 1733 997 1806 lineas
1008 1735 1125 1811 resilire
1144 1766 1153 1812 a
1178 1749 1267 1840 quod
1292 1742 1429 1824 silibere

55 1837 271 1941 pertranseat,
285 1827 685 1929 nullusexeasequeture
732 1831 813 1903 out

92 1931 281 2033 Respondit
292 1937 342 2002 vii
357 1927 472 2002 clariis.
487 1935 645 1999 rationem
666 1925 687 1998 d
703 1923 734 1998 se
752 1925 883 1998 allatam
895 1953 952 1999 cur
967 1938 1093 2025 majma
1111 1957 1251 2034 corpora
1269 1934 1333 2010 huc
1352 1938 1429 2016 illuc

59 2056 116 2106 non
137 2028 381 2130 impellantur,
402 2024 537 2096 celestis
554 2050 634 2096 vero
658 2026 792 2095 materia
818 2024 901 2095 adeo
920 2023 1041 2096 subtilia
1063 2030 1176 2101 eadem
1202 2027 1359 2107 facilitate
1376 2034 1429 2108 so·

58 2127 209 2202 lidiorum
229 2149 409 2224 corporum
428 2120 596 2192 intervalla
614 2115 829 2220 pertranseat,
851 2125 915 2216 qui
936 2120 1041 2220 ipsum
1057 2131 1154 2215 a'c'ra,
1175 2131 1211 2197 in
1229 2154 1270 2199 to
1289 2130 1428 2230 positam

58 2223 136 2314 tll'e,
160 2222 255 2323 quod
269 2223 408 2293 directio
430 2213 668 2317 superficierum
687 2213 767 2288 nihil
784 2220 825 2288 ad
842 2219 952 2290 trotds
964 2223 1266 2297 determinationem
1281 2234 1314 2298 in
1327 2253 1427 2304 unam

58 2329 163 2423 potius
183 2324 330 2420 quamin
350 2318 487 2390 alteram
501 2336 625 2412 partem
642 2311 788 2385 conserat
808 2340 817 2384 t
838 2311 958 2385 subtilis
977 2316 1032 2387 illa
1047 2325 1231 2392 materiato
1244 2319 1311 2394 fere
1324 2329 1427 2400 modo

58 2425 165 2519 gravia
175 2440 316 2516 corpora
328 2413 472 2512 pervadit
487 2467 497 2498 ,
518 2436 587 2508 quo
599 2435 684 2510 aqua
695 2407 838 2479 fluminis
850 2413 932 2480 inter
945 2419 1060 2504 juncos
1079 2437 1135 2484 aut
1151 2421 1229 2486 retia
1247 2419 1426 2514 pertransit,
1482 2448 1487 2458 ·

58 2520 269 2611 quantumvis
281 2512 427 2608 quaedam
443 2508 529 2579 illius
546 2529 652 2605 partes
666 2511 749 2575 inea
769 2529 908 2604 corpora
920 2511 1094 2580 incurrant.
1123 2512 1205 2580 Non
1217 2518 1304 2582 enim
1316 2539 1428 2589 earum

10 2640 12 2645 ’
57 2610 197 2682 reflexio
217 2608 277 2678 has
296 2607 398 2705 potest
410 2605 601 2689 distrahere,
620 2628 679 2674 nec
706 2600 811 2674 obstat
827 2608 1002 2701 quominus
1017 2600 1040 2672 ὲ
1054 2602 1262 2679 multitudine
1286 2616 1429 2709 partium

54 2731 146 2805 aque
160 2731 227 2798 quq
240 2702 429 2783 succedunt,
451 2727 514 2772 una
530 2699 740 2796 abripiantur.

106 2810 196 2877 Haec
207 2801 276 2873 sere
289 2800 331 2869 de
347 2805 503 2898 gravitate
515 2819 691 2893 corpomm
707 2798 816 2869 dritis
834 2792 1024 2871 a'tutiffimie
1037 2798 1112 2872 sunt
1124 2797 1294 2902 disputata.
1339 2809 1427 2902 *Qua

55 2899 186 2973 iuliane
203 2893 435 2969 senteiitiamd
458 2902 504 2969 D.
535 2893 680 2966 Petiault
698 2914 769 2965 tum
787 2890 902 2992 scripta
917 2889 1020 2983 sunt,
1045 2921 1121 2967 cum
1145 2922 1183 2968 ea
1209 2896 1329 2998 publici
1351 2908 1427 2995 juris

56 2994 140 3068 fasta
153 2993 278 3066 fuerint
291 3051 301 3081 ,
316 2993 397 3064 nihil
417 2989 539 3064 neceii'e
550 2988 595 3061 est
608 3012 781 3087 regerere,
804 3015 907 3088 eaque
927 2997 962 3064 in
978 2989 1109 3090 Pbyfica
1127 2994 1269 3095 generali
1287 3000 1426 3073 tradtatti

55 3085 195 3164 secundo
214 3087 434 3189 exposuimus.
956 3152 958 3158 ,
1403 3090 1407 3099 ’

102 3193 201 3264 xxi.
219 3193 269 3260 Ex
280 3184 489 3280 quibusillud
501 3181 641 3258 efficitur
653 3188 799 3285 corporis
811 3188 1002 3283 gravitatem
1012 3178 1337 3284 positamrsseinnisu
1348 3217 1428 3291 quo

55 3281 128 3359 elain
140 3281 384 3379 materiqfiuidq
398 3285 482 3354 cirea
491 3305 579 3352 terrae
589 3304 735 3355 centmm
745 3283 946 3353 circumaslae
956 3341 966 3371 ,
977 3306 1114 3380 quaeque
1124 3287 1156 3352 in
1168 3309 1281 3356 omnes
1290 3295 1429 3386 agitatur

58 3404 181 3479 partes:
197 3407 270 3480 quo
288 3381 422 3476 quidem
440 3378 508 3447 nisu
529 3380 675 3450 dcentro
692 3378 839 3450 recedere
858 3384 971 3450 nititur
994 3435 1005 3467 ‚
1025 3387 1058 3450 δι
1080 3384 1114 3447 in
1133 3375 1245 3451 locum
1273 3381 1364 3454 suum
1391 3406 1428 3457 ea

54 3476 245 3551 substituere
254 3499 416 3575 corpora,
440 3498 510 3570 que
526 3472 602 3544 huic
622 3479 762 3544 motioni
780 3471 887 3547 miiitls
910 3474 1141 3569 obsequuntur.
1180 3480 1272 3546 Nam
1285 3477 1340 3547 ubi
1349 3503 1428 3578 par.

54 3598 101 3647 tui
111 3573 280 3646 trallioret
295 3631 305 3661 ‚
325 3594 382 3642 aut
397 3569 453 3641 fibi
467 3595 582 3642 mutuo
594 3568 875 3670 magitimplicatae
889 3589 1082 3651 occurrunt,
1103 3592 1147 3635 eae
1160 3566 1266 3639 versus
1277 3596 1428 3644 centrum

59 3673 303 3771 protruduntut·
335 3673 456 3766 Neque
467 3672 554 3737 enim
565 3690 602 3737 ea
615 3691 754 3763 corpora
768 3688 839 3760 quae
852 3669 886 3734 in
897 3669 970 3732 a'e're
982 3663 1133 3731 decidunt
1148 3720 1158 3749 ,
1181 3686 1309 3735 motum
1329 3667 1430 3769 spbar-

59 3773 166 3841 ticum
175 3768 281 3841 lluidae
295 3763 470 3838 subilantiae
482 3760 743 3859 consequuntur,
760 3761 850 3856 quod
866 3755 1019 3858 impulsus
1031 3755 1115 3826 illius
1128 3762 1266 3830 materia:
1280 3767 1312 3833 in
1324 3771 1428 3838 varias

61 3888 173 3963 partes
181 3886 247 3935 tarn
259 3863 446 3960 frequenter
457 3870 490 3932 or
502 3859 623 3930 celeres
637 3856 697 3929 fint
710 3916 720 3945 ,
735 3882 772 3929 ut
791 3856 838 3929 sat
850 3860 1008 3953 ternporit
1031 3878 1100 3927 non
1118 3857 1331 3949 intercedat,
1358 3888 1428 3964 quo

57 3959 216 4034 cralllora
226 3961 282 4030 illa
296 3983 434 4058 corpora
446 3980 577 4027 motum
586 3950 768 4027 senfibilem
779 3962 958 4051 acquirant

113 4065 160 4130 Et
184 4057 310 4152 quidem
335 4059 452 4125 minuti
479 4053 616 4154 pulveris
639 4054 794 4151 granula,
809 4078 879 4149 quae
893 4051 980 4122 visis
994 4057 1098 4124 aciem
1115 4049 1268 4152 fugiunt,
1295 4062 1330 4129 in
1356 4064 1428 4132 a‘e‘re

60 4155 241 4228 volitantia
259 4151 409 4225 liticilluc
429 4173 552 4223 temere
569 4174 659 4221 mota
679 4148 763 4219 illius
789 4153 930 4220 materia:
945 4153 979 4216 vi
999 4173 1182 4249 raperentur
1206 4206 1217 4237 ,
1245 4151 1270 4222 si
1299 4160 1331 4225 in
1357 4154 1426 4225 solo

9 4280 13 4293 ’
59 4251 190 4339 fluido,
225 4250 529 4346 quod-gravitatem
557 4242 658 4317 efficit
682 4300 693 4332 ,
714 4251 930 4317 innatatent:
960 4239 1012 4315 sed
1038 4245 1101 4316 alia
1123 4246 1193 4316 sunt
1221 4253 1428 4342 circunijedb.

61 4345 182 4445 spatia,
224 4370 271 4416 uae
284 4343 396 4417 divtisr
409 4350 532 4441 generis
550 4348 717 4413 materiam
737 4347 914 4413 continent.
954 4346 1062 4436 Huius
1077 4348 1185 4438 itaque
1200 4353 1339 4417 materia
1353 4372 1426 4446 par.

64 4373 289 4519 tesciasliotes
313 4448 402 4516 varie
424 4448 550 4542 agitatae
572 4448 606 4510 δι
633 4437 752 4510 rtllertr
771 4443 939 4508 communi
962 4436 1053 4508 fluidi
1074 4440 1170 4510 nostri
1191 4449 1341 4541 vertigini
1363 4448 1429 4512 mi.

63 4564 119 4614 tius
136 4538 353 4637 obsequentes
367 4534 662 4610 nonnihil-obstant
675 4539 849 4632 quominus
863 4534 917 4606 illa
929 4530 1115 4633 corpuscula
1134 4533 1174 4607 ab
1194 4538 1331 4607 aetherea
1351 4534 1442 4626 sub„

62 4638 174 4711 iiantia
188 4644 224 4709 in
249 4635 365 4708 or'bein
384 4641 559 4735 rapiantur.
593 4635 684 4704 Nam
703 4656 813 4728 praeter
832 4637 913 4702 a'e'tis
929 4632 1101 4731 particulas
1119 4630 1280 4703 crailiores
1302 4691 1309 4717 ‚
1331 4635 1428 4706 aliam

67 4735 121 4809 tile
141 4735 309 4834 quandam
321 4728 528 4802 substantiam
547 4735 618 4801 a'c‘re
641 4725 865 4817 subtiliorem,
885 4725 936 4799 sed
965 4729 1080 4800 aethere
1100 4726 1306 4815 crassiorem,
1327 4730 1364 4800 cii
1392 4736 1430 4804 iii
1488 4786 1496 4794 .

69 4853 133 4929 qia
162 4832 253 4907 fasta
276 4827 352 4905 sunt
377 4834 414 4902 iu
436 4825 590 4909 maehina
621 4830 826 4924 mauratica
860 4830 1118 4930 experimentis,
1145 4819 1359 4923 suspicabatur
1382 4833 1433 4907 νὴ·
