3646 5430
218 369 225 384 '
291 375 348 459 156
641 359 849 434 REGIAE
892 361 1361 436 SCIENTIARUM

163 460 275 530 Anii.
292 486 374 549 mus,
388 458 552 532 volumine
562 455 646 529 edita
667 457 750 531 sunt.
768 463 914 530 Primum
923 461 967 528 eli
985 460 1024 528 de
1046 456 1232 555 compostis
1250 459 1392 529 motibus
1410 507 1422 542 ,
1447 463 1536 552 quod
1559 474 1650 536 amin·

162 566 249 650 1675.
292 572 369 636 1636
384 554 612 627 elaboraverat.
637 559 682 625 Ex
707 579 750 626 eo
771 553 886 624 multas
899 551 1053 651 decerpsit
1068 551 1300 650 propofin'ones
1323 578 1394 650 quae
1419 556 1453 621 in
1470 557 1648 630 Academia

290 651 380 722 lettae
407 651 476 722 sunt
508 658 541 721 δι
560 651 781 722 demonstrata
799 673 885 720 anno
915 659 1016 724 1668.
1064 653 1164 720 Hunc
1196 649 1387 721 Tractatum
1418 671 1455 717 ex
1518 656 1543 722 it
1568 655 1649 725 alter

286 747 327 815 de
344 751 563 911 recdognitione
578 752 798 843 aquationum
820 800 831 833 ,
852 746 907 818 ubi
925 770 1035 819 earum
1057 748 1216 843 originem
1233 752 1267 815 δι
1286 766 1433 817 naturam
1458 672 1650 846 dlhgentiils

287 863 326 910 eit
351 869 389 913 en
413 867 450 915 rt.

327 869 385 1011 PX.
418 942 506 1010 Huic
519 938 600 1010 alios
620 934 752 1028 subiecit
767 940 806 1008 de
820 935 1013 1011 resolutione
1022 943 1233 1033 equationum
1252 960 1322 1009 turn
1339 961 1451 1008 earum
1464 992 1475 1024 ,
1488 962 1563 1035 quae
1576 943 1649 1041 pla.

286 1058 336 1103 rie
350 1034 519 1122 dicuntur,
534 1056 605 1105 tum
624 1031 830 1121 cubicorum,
856 1044 890 1108 δι
911 1037 950 1106 de
968 1033 1047 1105 locis
1065 1037 1278 1104 Geometricis
1297 1088 1307 1118 ‚
1332 1037 1411 1102 item
1433 1035 1473 1103 de
1504 1035 1648 1108 indivisi.

286 1125 437 1218 bilibus,
462 1154 533 1225 quae
559 1125 752 1200 methodos
773 1120 998 1230 se'eircogitata
1020 1133 1136 1226 quinto
1162 1152 1249 1197 anno
1268 1151 1342 1198 ante
1363 1127 1541 1200 Cavalletii
1560 1130 1649 1208 Libri

287 1226 462 1297 editionem
475 1222 568 1297 sicex
593 1221 699 1312 osuit,
724 1246 759 1296 ut
776 1222 973 1324 superficiem
1002 1250 1041 1296 ex
1060 1222 1130 1295 aliis
1154 1221 1412 1320 superficiebus,
1441 1220 1585 1298 solidum
1610 1255 1648 1303 ex

288 1318 482 1418 corpusculis
497 1315 554 1393 soli
579 1327 603 1393 is
622 1320 742 1395 servata
763 1326 1058 1420 Homogeneotum
1084 1318 1211 1418 regula,
1229 1343 1296 1389 non
1317 1315 1351 1388 su
1394 1315 1518 1392 rficiem
1542 1347 1583 1393 tx
1608 1323 1648 1397 li·

158 1439 161 1445 ·
288 1420 354 1486 neis
365 1472 375 1503 ‚
385 1414 521 1488 solidum
531 1443 570 1488 ex
585 1412 806 1517 superficiebus
823 1417 999 1490 conflatum
1019 1420 1090 1503 ,uti
1111 1414 1329 1485 aCavalletio
1361 1416 1471 1487 adum
1484 1417 1528 1487 est
1539 1472 1552 1505 ,
1565 1444 1647 1494 con.

289 1515 410 1607 ciperet
433 1538 442 1584 ε
467 1537 500 1584 at
526 1539 566 1586 ue
585 1517 620 1582 in
636 1513 778 1610 quadam
796 1513 835 1584 ad
852 1512 1069 1587 Torticellum
1087 1509 1225 1606 Epistola
1237 1511 1370 1581 testatur
1385 1505 1415 1581 se
1429 1509 1504 1603 huic
1520 1515 1649 1598 inditi.

289 1603 430 1682 sibilium
443 1539 599 1680 methodo
612 1613 737 1706 optima
754 1634 890 1708 quaque
903 1608 956 1680 sua
970 1612 1099 1678 inventa
1112 1628 1244 1700 accepta
1265 1604 1395 1680 referre.

335 1707 401 1784 XI.
433 1705 507 1776 Post
524 1703 591 1775 haec
604 1706 847 1776 Trastationem
865 1704 952 1777 suam
966 1705 1006 1791 cle
1017 1701 1179 1800 Cycloide
1193 1700 1371 1773 elaboravit
1383 1758 1394 1788 ,
1405 1728 1478 1800 quae
1494 1732 1647 1806 niagnain

289 1802 319 1868 ei
329 1800 415 1893 apud
431 1799 571 1872 eruditos
588 1799 710 1875 famam
727 1802 930 1873 conciliavit.
945 1799 1122 1877 'Problema
1140 1794 1219 1864 illud
1241 1794 1403 1868 famosum
1423 1798 1560 1899 infignes
1579 1830 1648 1878 nori

290 1897 324 1964 in
342 1893 447 1966 Gallia
462 1896 562 1968 modh
577 1952 588 1985 ‚
605 1893 657 1967 sed
673 1901 772 1969 etiam
785 1900 819 1967 iri
834 1897 924 1969 ltalia
939 1903 1129 1969 Geometras
1143 1915 1386 1983 commoverat,
1410 1903 1469 1992 qui
1489 1895 1574 1972 illius
1591 1897 1649 1984 soq

291 1988 449 2062 lurionem
464 1991 587 2062 summa
603 1996 788 2062 animorum
802 1997 1010 2062 contentione
1026 1984 1224 2085 quaefierant.

347 2092 383 2160 Ρ.
410 2085 648 2158 Mersennusad
661 2110 716 2155 eos
732 2090 833 2181 quiin
847 2082 1048 2156 hacscientia
1068 2106 1129 2179 prae
1147 2087 1265 2153 caeteris
1277 2081 1487 2175 eminebant,
1507 2085 1627 2190 scripsit
1632 2117 1649 2185 ,¹

292 2182 384 2253 &ad
410 2176 579 2250 Galilaeum
595 2186 641 2252 im
667 2184 753 2250 rimis
766 2177 958 2252 ornaturam
975 2177 1145 2278 Cyclo'idis
1157 2231 1168 2263 ‚
1194 2202 1293 2272 quani
1306 2180 1414 2253 clavus
1425 2205 1504 2256 rota
1527 2192 1562 2258 in
1584 2215 1646 2264 una

291 2299 369 2347 totae
383 2275 585 2348 revolutione
597 2204 791 2376 deldribitin
802 2281 875 2347 a'e're
889 2331 899 2360 ,
914 2278 1087 2373 indagaret.

343 2377 421 2442 Hoc
435 2370 662 2443 Robervallius
674 2373 726 2440 vid
752 2368 937 2468 simplici&
953 2372 1098 2470 expedita
1125 2368 1290 2467 problema
1306 2364 1424 2462 solvit,
1447 2401 1487 2447 ac
1510 2377 1646 2454 demon·

291 2469 398 2538 stravit
410 2463 545 2565 spatium
564 2465 584 2537 a
600 2465 763 2564 Cyclo'ide
776 2463 1043 2565 comprehensum
1057 2469 1189 2563 triplum
1213 2463 1273 2537 effe
1292 2488 1369 2535 rota:
1391 2475 1403 2546 i
1427 2467 1506 2563 lius,
1528 2500 1568 2545 ex
1581 2503 1645 2574 qua

290 2563 472 2650 formatur,
496 2570 548 2633 cui
564 2559 715 2633 solutioni
740 2563 876 2661 duplicis
891 2561 1100 2658 problematis
1116 2563 1342 2633 enodationem
1363 2496 1524 2658 subjecit,
1548 2596 1646 2646 uriam

141 2711 148 2715 .
290 2662 329 2728 de
345 2657 435 2729 solidi
450 2659 621 2756 Cyclo'r'dis
640 2660 724 2726 circa
744 2653 832 2729 suam
847 2656 948 2728 basim
962 2656 1094 2727 formati
1114 2652 1336 2741 dimensione,
1362 2658 1494 2733 alteram
1515 2667 1555 2739 de
1573 2691 1644 2741 tari-

290 2751 439 2849 gentibus
455 2753 654 2850 Cyclo‘idem
668 2754 876 2827 inveniendis.
901 2758 1011 2850 Atque
1025 2775 1062 2822 ea
1075 2750 1144 2822 usus
1158 2752 1203 2823 est
1212 2751 1389 2843 methodo,
1402 2765 1519 2854 quud
1532 2788 1645 2838 0an

292 2870 459 2943 tangentes
475 2871 646 2920 curvatum
663 2850 811 2946 pertinet.
876 2851 888 2941 ἰ

348 2949 381 3015 Χ
391 2950 442 3034 ΙΙΙ.
478 2948 560 3015 Haec
573 2952 606 3016 δι
619 2943 679 3013 alia
693 2944 731 3042 de
745 2944 932 3031 Robervalii
950 2951 1128 3043 ingenio&
1147 2940 1304 3044 opusculis
1319 2947 1448 3045 copiosi
1462 2958 1495 3024 dt
1509 2954 1642 3027 candidi

290 3036 331 3108 ab
352 3038 464 3110 illustri
493 3037 619 3111 Abbare
646 3042 689 3108 D.
720 3038 856 3139 Gallovs
870 3037 942 3116 sunt
967 3039 1149 3138 confignata
1169 3048 1202 3110 iii
1222 3044 1313 3112 Actis
1337 3045 1519 3118 Academiae
1531 3046 1642 3122 meniis

290 3132 412 3230 Aprilis
427 3139 502 3205 anni
518 3149 655 3226 1693.ex
669 3136 835 3208 occasione
851 3144 1040 3231 operierunt
1057 3137 1132 3208 editi
1143 3142 1176 3206 iii
1192 3136 1319 3227 lucem,
1337 3141 1425 3235 quod
1439 3147 1541 3215 varias
1555 3148 1639 3216 Aca.

287 3228 488 3300 demicorum
501 3229 755 3303 elucubrationes
767 3234 1016 3329 complestitur,
1035 3256 1170 3332 quaeque
1178 3255 1270 3303 antea
1281 3237 1425 3306 nondum
1435 3241 1538 3342 Typis
1549 3264 1639 3314 man-

288 3325 368 3395 datae
381 3322 531 3413 fuerant,
549 3323 576 3420 si
600 3334 773 3425 perpaucas
790 3333 963 3424 exceperis.

330 3427 424 3495 Xlll.
452 3427 545 3492 Brevi
558 3423 628 3521 post
643 3445 790 3521 ternpore
805 3428 848 3494 D.
862 3429 946 3494 liuor
968 3429 1026 3521 qui
1043 3430 1124 3495 inter
1137 3427 1348 3497 Academicos
1363 3432 1398 3499 in
1424 3434 1530 3526 prima
1556 3434 1637 3510 Aea.

285 3514 398 3586 demiae
416 3519 613 3589 institutione
632 3516 699 3588 und
719 3543 794 3589 cum
810 3523 854 3593 D.
878 3525 924 3591 D.
945 3519 1082 3591 Frenicle
1107 3530 1140 3594 &
1158 3522 1196 3590 de
1213 3521 1376 3593 Roberval
1399 3526 1544 3600 adlectus
1570 3529 1638 3607 fise.

286 3616 435 3699 rat‚virh
450 3611 647 3686 fund'tusest.
681 3615 816 3708 Ingenio
830 3638 898 3686 erat
921 3620 988 3685 acti
1013 3616 1052 3685 ad
1077 3615 1323 3688 Mathematicas
1345 3615 1528 3720 disciplinas
1555 3627 1638 3725 quai

286 3710 307 3777 d
327 3730 439 3778 natura
462 3711 526 3802 ipsa
551 3706 666 3783 fartus.
703 3713 794 3780 Nam
807 3714 844 3778 iis
857 3712 943 3782 ultro
957 3706 986 3780 le
1001 3711 1149 3799 dederat,
1168 3736 1242 3781 cum
1255 3737 1314 3782 nec
1336 3712 1432 3786 latine*
1449 3713 1544 3794 sciret
1559 3782 1570 3813 ‚
1584 3750 1638 3798 nee

283 3802 354 3871 ullo
374 3806 526 3900 magistro
541 3803 611 3874 usus
623 3801 719 3888 esset,
731 3828 830 3899 atque
843 3831 880 3876 eir
896 3807 1049 3876 industrio
1074 3830 1238 3876 armorum
1259 3805 1374 3904 opifice
1392 3815 1527 3885 eximius
1551 3826 1637 3892 Gen.

285 3919 386 3966 metra
401 3895 505 3966 fastus
518 3908 551 3972 bc
565 3903 600 3968 in
617 3901 707 3966 omni
725 3895 906 3969 Matheseos
924 3898 1002 3971 ctlm
1018 3898 1252 3997 speculatricis‚
1269 3926 1338 3971 tum
1364 3909 1513 4003 prafficae
1525 3940 1637 4012 genere

282 3986 527 4075 versatilssmus:
547 3992 809 4063 machinatricem
825 3991 998 4093 praesertim
1011 3997 1162 4069 excoluit.
1191 4003 1300 4092 Hujus
1321 3994 1399 4100 saepe
1415 4009 1448 4073 in
1462 4003 1529 4078 lioc
1544 4033 1636 4113 opere

284 4092 486 4158 mentionem
510 4088 657 4163 fecimus.

332 4182 472 4280 insignes
491 4183 524 4255 hi
541 4184 764 4258 Mathematici
776 4189 890 4260 eodem
904 4189 969 4260 sere
984 4181 1130 4287 tempore
1142 4200 1208 4284 jam
1228 4190 1313 4264 senes
1328 4194 1414 4264 diem
1435 4191 1529 4272 surim
1546 4201 1635 4276 obie-

281 4301 355 4349 runt
369 4314 378 4366 3
394 4306 504 4350 omnes
521 4275 702 4351 Matheseos
719 4308 820 4379 partes
841 4285 1009 4382 amplexi,
1034 4287 1084 4355 sed
1098 4288 1177 4358 alius
1197 4287 1292 4358 aliam
1312 4287 1465 4386 selegerat
1484 4352 1495 4383 ,
1519 4304 1555 4369 in
1576 4324 1634 4397 qua

280 4376 439 4473 praecipuit
454 4375 633 4447 elaboraret
651 4432 662 4463 ,
690 4381 736 4450 D.
758 4382 899 4451 Fteiiicle
912 4384 951 4450 ad
965 4407 1173 4452 numerorum
1187 4380 1352 4453 scientiam
1367 4442 1377 4471 ‚
1421 4412 1468 4459 uae
1482 4414 1555 4463 tuni
1569 4418 1633 4468 erat

279 4495 400 4568 magno
413 4472 495 4565 apud
511 4480 576 4563 ejus
586 4477 684 4542 aetatis
701 4472 952 4549 Mathematicus
968 4477 1111 4567 honore3
1140 4481 1185 4552 Ι).
1201 4481 1239 4548 de
1257 4413 1423 4552 Robervhl
1435 4487 1476 4555 ad
1491 4492 1634 4561 Geome-

278 4572 343 4635 triae
368 4577 399 4638 δι
424 4567 630 4637 Mechanices
650 4568 885 4649 Theoremata‚
902 4575 940 4640 ad
957 4597 1128 4667 utramque
1156 4576 1320 4645 scientiam
1337 4579 1480 4652 D.iiuot
1493 4589 1635 4657 animum

277 4665 533 4751 adjrrnxerat,ad
545 4661 812 4734 Machinatricem
824 4670 1000 4762 imprimite
1018 4694 1129 4738 omnes
1149 4666 1287 4766 Physica
1303 4672 1438 4744 studium
1459 4700 1538 4750 cum
1560 4682 1633 4766 Mag

211 4831 212 4838 χ
278 4753 353 4827 thesi
366 4768 579 4851 conjunxere,
596 4782 672 4836 cum
683 4757 732 4838 lrae
742 4756 913 4859 disciplinae
927 4752 1009 4836 inter
1023 4759 1054 4850 se
1069 4761 1219 4837 conserta
1230 4764 1291 4843 sint
1305 4777 1339 4843 ὅ(
1353 4768 1529 4870 colligata.
