3646 5430
406 430 453 497 74
670 379 905 478 utera
971 388 1427 490 staturianum

131 527 135 532 ·
277 503 392 575 ann.

129 651 132 659 ·
280 611 376 682 ²669.
497 696 503 704 .

750 726 1029 815 CAPUT
1108 723 1436 814 PRIMUM.

682 955 739 1024 De
766 894 996 1052 quorumdam
1025 937 1202 1049 liquerunt
1229 937 1486 1048 sospitatione

405 1168 434 1239 1.
559 1163 592 1233 T
616 1178 656 1226 ue
678 1154 746 1226 haec
761 1151 811 1247 {de
831 1157 992 1248 precipuo
1013 1147 1142 1219 visionis
1163 1170 1288 1245 organo
1314 1149 1397 1219 inter
1422 1153 1509 1223 viros
1531 1149 1673 1221 eruditos
1696 1143 1773 1230 sunt

560 1182 741 1349 dilliutata,
769 1273 840 1348 quac
863 1242 985 1318 curiosa
1006 1248 1109 1340 magis
1131 1244 1234 1339 quim
1250 1241 1340 1314 utilia
1361 1245 1463 1317 videri
1480 1243 1638 1345 poliunt,
1664 1253 1699 1321 δι
1730 1252 1771 1322 ii,

408 1362 549 1432 maxime
564 1354 622 1448 qui
634 1351 669 1419 in
686 1371 795 1419 rerum
808 1342 999 1415 naturalium
1016 1342 1202 1436 cognitione
1214 1331 1316 1409 solam
1328 1339 1502 1415 utilitatem
1515 1363 1673 1439 quaerunt.
1697 1342 1773 1419 Alia

409 1454 520 1527 iisdem
535 1453 605 1528 fere
619 1440 819 1542 temporibus
838 1435 934 1510 latitls
945 1433 1038 1523 fusa,
1059 1443 1094 1507 &
1108 1433 1148 1504 ad
1161 1437 1234 1503 vitai
1246 1431 1392 1505 humanae
1414 1433 1506 1510 usum
1521 1441 1621 1533 magis
1632 1462 1777 1512 accom-

409 1552 542 1623 modam
553 1606 565 1638 ,
576 1541 616 1613 de
632 1535 729 1610 caufis
744 1532 976 1635 coagulationis
998 1541 1033 1606 δε
1047 1526 1207 1640 firmitatis
1218 1527 1281 1600 fuit
1297 1534 1417 1640 agitata
1430 1536 1586 1631 quaestio,
1611 1557 1706 1631 quae,
1737 1559 1776 1615 nt

408 1672 468 1744 pat
482 1669 574 1728 erat,
589 1636 754 1732 dijudicari
772 1656 840 1703 non
879 1631 963 1699 otuit
980 1623 1037 1698 nifi
1050 1651 1089 1696 ex
1100 1629 1195 1696 variis
1205 1632 1442 1720 experimentis.

458 1740 677 1833 Haec'magna
690 1755 730 1804 ex
743 1751 832 1830 parte
845 1655 935 1818 licta
946 1720 1018 1795 suut
1031 1727 1065 1793 in
1077 1719 1181 1807 lacte,
1205 1725 1238 1790 in
1258 1724 1314 1792 ovi
1327 1719 1518 1814 albumine,
1534 1729 1570 1802 in
1589 1722 1777 1830 sanguine,-

409 1846 445 1912 δι
459 1841 493 1909 in
506 1838 575 1909 aliis
587 1825 766 1924 liquoribus
804 1848 850 1896 uae
868 1819 941 1892 fuse
959 1816 1031 1892 sunt
1050 1820 1085 1889 in
1107 1816 1360 1891 Cormuentariis
1381 1816 1564 1923 descripta:
1591 1825 1687 1902 nobis
1698 1835 1775 1906 [atis

408 1931 508 2007 fuerit
523 1957 559 2004 ea
574 1926 711 2005 strictim
729 1850 880 1995 titillare.
1120 1919 1126 1925 ’
1256 1963 1259 1971 ,

452 2036 496 2102 11,
525 2020 674 2102 Primum
693 2018 825 2115 quidem
846 2034 981 2085 exeunte
1005 2007 1109 2104 aprili
1133 2009 1240 2080 mense
1260 2015 1336 2084 anni
1355 2025 1452 2102 1669.
1465 2037 1541 2087 cum
1558 2016 1643 2093 laste
1661 2020 1773 2097 bubu-

411 2127 445 2201 lo
460 2127 538 2196 varii
552 2122 695 2219 liquores
714 2111 786 2203 sunt
799 2107 979 2192 commisti,
993 2104 1166 2203 coagulum
1179 2106 1373 2197 vitulinum,
1395 2110 1505 2184 succus
1517 2121 1691 2214 ostapuciae
1706 2125 1774 2191 mi.

409 2226 520 2308 noris,
535 2216 660 2317 spiritus
679 2206 781 2289 meilis
793 2206 902 2278 acidus
922 2259 935 2292 ,
954 2198 1081 2301 spiritus
1102 2204 1179 2274 nitri
1206 2210 1239 2273 δε
1267 2206 1416 2300 qtraedam
1436 2206 1685 2308 adstringentis,
1701 2240 1775 2313 qua

409 2316 586 2392 omniaion
611 2303 740 2386 lcititls
753 2303 804 2376 lac
814 2298 1035 2399 coagulatum,
1045 2304 1148 2397 quim
1161 2297 1217 2371 ubi
1228 2296 1332 2371 solum
1346 2299 1489 2376 fuitairi
1501 2305 1691 2403 expositum.
1719 2311 1775 2388 sn}

408 2412 488 2495 lirus
504 2419 539 2485 δι
550 2339 736 2507 sulphureus
749 2401 859 2474 tartari
870 2418 927 2468 aut
940 2399 1017 2468 nitri
1030 2451 1051 2508 ,ε
1065 2394 1190 2494 spiiitus
1203 2391 1274 2466 salis
1287 2404 1509 2489 ammoniaci,
1528 2400 1619 2492 mel,
1639 2404 1776 2481 saccha-

408 2533 482 2583 rum
494 2567 504 2593 ,
518 2515 553 2581 &
568 2506 683 2607 plantae
698 2522 779 2596 pene
792 2517 905 2569 omnes
915 2514 1098 2564 aromaucae
1119 2496 1362 2565 concretionem
1378 2494 1587 2570 inhibuerunt
1605 2525 1662 2573 aut
1673 2524 1776 2576 tetar-

409 2605 549 2677 darunt:
570 2627 643 2674 eam
656 2595 736 2669 reri>
747 2618 807 2667 nec
824 2585 1020 2690 promovere
1028 2643 1040 2676 ‚
1056 2613 1117 2659 nec
1133 2611 1261 2661 moram
1278 2588 1354 2661 huic
1372 2591 1548 2667 attuleruut
1564 2591 1609 2667 sal
1625 2621 1774 2687 commu}

411 2703 482 2789 nis,
497 2698 543 2772 sal
565 2718 726 2795 gemma,
744 2685 920 2786 hyliopus‚
942 2691 1007 2757 &c

459 2803 475 2866 1
490 2802 506 2866 Ι
523 2797 546 2862 Ι.
580 2797 633 2862 De
661 2788 711 2860 iris
737 2790 783 2859 D.
807 2784 851 2856 du
872 2778 954 2851 Cios
977 2783 1022 2852 ita
1048 2780 1273 2881 Phiosophari
1286 2781 1369 2858 visus
1381 2786 1425 2858 est
1439 2810 1476 2858 ex
1493 2791 1656 2885 principiis
1669 2789 1774 2889 vulgo

409 2895 599 3061 iiiiii
613 2876 1466 3071 ‘illillm‘l‘illtl'iillmilffllt‘lli
1479 2880 1776 3052 iiiiii&

410 3084 479 3163 aliae
491 3013 622 3171 serostl:
639 3005 765 3149 iliaeplel
778 3095 868 3145 erant
884 3065 1081 3168 sulphureo,
1129 3097 1175 3144 uae
1203 3078 1238 3144 in
1253 3035 1441 3172 lautyrum,
1471 3075 1525 3149 vel
1545 3097 1676 3149 terrem
1699 3037 1776 3147 ma:

410 3183 565 3348 atriu
576 3166 1065 3363 instruarius
1078 3097 1777 3349 scitissimum

1207 3259 1226 3338 s

409 3368 480 3445 aliar
506 3369 575 3443 aliis
594 3360 810 3442 adhaerescunt
828 3419 840 3451 ,
857 3384 896 3435 ac
915 3363 1028 3456 quinta
1045 3357 1114 3436 fere
1191 3290 1312 3435 slaeffls
1333 3385 1404 3439 tum
1430 3363 1535 3437 calore
1558 3368 1642 3462 ignis
1664 3420 1674 3451 ,
1703 3387 1776 3438 tum

410 3466 576 3543 additione
589 3463 761 3541 succorum
775 3455 1013 3627 coagulautium
1027 3455 1093 3533 visa
1110 3387 1382 3533 claloomescere.
1405 3460 1465 3532 Illa
1476 3464 1642 3534 concretio
1654 3464 1689 3530 in
1695 3463 1778 3534 ‘ai'tt

859 3575 911 3624 ate
929 3547 1070 3624 citirlsfit
1087 3554 1189 3650 quim
1207 3556 1240 3623 in
1263 3559 1336 3626 a'c're
1350 3553 1509 3646 humido,
1531 3565 1565 3630 ἀ
1586 3561 1669 3628 veris
1689 3578 1778 3628 tem·

410 3681 504 3756 pore.
529 3659 626 3730 Unde
636 3657 860 3749 adstringentis
874 3656 907 3720 δι
922 3648 1012 3717 acida
1024 3674 1104 3722 eam·
1115 3654 1356 3724 concretionem
1375 3675 1593 3751 promovent,
1607 3675 1677 3725 non
1696 3655 1778 3728 item

413 3775 485 3849 quae
503 3751 637 3822 humida
653 3744 746 3837 sunt,
763 3768 819 3817 sut
832 3743 1003 3817 resolvunt·
1340 3779 1343 3782 ·

459 3854 518 3922 IV.
545 3850 661 3921 Paucis
671 3844 742 3940 post
755 3839 864 3913 diebus
880 3863 1023 3914 ovorum
1033 3837 1198 3914 albumina
1211 3845 1331 3938 agitata
1350 3850 1387 3917 δι
1400 3842 1584 3946 despumato
1593 3856 1673 3916 eunt
1684 3846 1780 3918 variis

411 3964 547 4108 quogue
563 3937 743 4038 liquoribus
753 3933 823 4009 sunt
835 3937 1019 4032 conjuncta.
1048 3941 1185 4035 Spiritus
1197 3939 1279 4009 acidi
1294 3939 1312 4011 ὲ
1326 3939 1586 4032 salecommuni,
1609 3961 1666 4011 aut
1690 3944 1781 4014 nitro

410 3558 497 3634 sicco
514 3568 549 3633 δι
568 3560 694 3647 calido,
713 3579 749 3627 ut
762 3560 795 3626 in
806 3580 832 3625 ae

410 4038 488 4111 exsti
514 4042 558 4111 ati
569 4033 697 4123 firmam
714 4039 955 4125 concretionem
965 4026 1129 4120 effectis,
1144 4059 1210 4115 non
1223 4035 1305 4108 lterti
1318 4040 1426 4114 oleum
1441 4035 1563 4120 rittioli
1606 4063 1650 4106 uo
1661 4029 1781 4108 fibross

411 4132 598 4233 coagulatio
613 4131 699 4206 facia
712 4132 756 4202 est
769 4165 779 4220 3
793 4112 916 4200 firmior
930 4130 949 4201 i
964 4127 1074 4228 spiritu
1085 4124 1264 4230 sulphuris,
1284 4130 1373 4204 nulla
1389 4136 1406 4209 ὲ
1420 4131 1532 4235 spiritu
1545 4065 1648 4206 mllio
1660 4135 1780 4224 acido,

411 4254 468 4302 tut
482 4256 520 4301 ex
535 4251 629 4301 aceto
644 4223 749 4300 secuta
762 4229 805 4300 eli
819 4233 999 4301 concretio.

458 4330 594 4423 Spiritus
614 4324 684 4396 salis
700 4326 920 4412 ammoniaci,
950 4320 1059 4394 oleum
1085 4324 1197 4399 itidem
1220 4330 1329 4397 tartari
1351 4325 1474 4399 nullam
1496 4323 1783 4402 condensationem

438 4446 644 4511 torrescunt,
664 4416 684 4491 s
700 4425 791 4500 iritus
809 4422 875 4497 vini
894 4444 991 4525 purus
1009 4413 1081 4492 satis
1107 4417 1259 4509 firmam,
1275 4419 1329 4501 sed
1354 4429 1388 4498 in
1404 4451 1539 4525 grumos
1565 4424 1699 4505 divisam
1720 4450 1782 4505 ex·

413 4449 518 4603 libuit
532 4552 541 4609 p
556 4515 665 4590 succus
678 4449 699 4595 l
709 4516 868 4616 cataputia
881 4516 1007 4586 minore
1028 4515 1184 4617 expr'eli'us
1206 4575 1217 4606 ,
1244 4513 1288 4590 sal
1311 4516 1589 4596 ammoniacus'in
1633 4520 1781 4603 ultetem

403 4619 591 4703 contritus,
604 4609 649 4684 sal
673 4607 845 4710 perficeris:
892 4606 935 4681 sal
951 4615 1060 4684 tartari
1083 4610 1154 4701 ,sal
1174 4622 1357 4689 communis
1380 4617 1460 4689 nihil
1485 4617 1524 4688 de
1544 4546 1703 4692 fluialtare
1731 4614 1809 4709 al„

417 4705 589 4783 huminum
611 4708 812 4778 detraxerunt
828 4733 837 4778 t
854 4667 905 4777 led
927 4705 1084 4806 gallatum
1107 4714 1284 4785 extractum
1309 4737 1496 4812 promptam
1518 4705 1789 4811 coagulationes!
1805 4763 1817 4790 ·.

419 4801 598 4935 &mutarn
620 4803 733 4896 deut,
753 4805 802 4881 uti
823 4800 1006 4881 &alumen
1030 4833 1040 4884 t
1067 4807 1189 4885 rittioli
1214 4814 1324 4910 cuprei
1340 4810 1432 4913 quod
1448 4807 1574 4915 ferrum
1597 4809 1698 4885 rubro
1721 4834 1782 4896 coa
1810 4850 1817 4896 ι
