3646 5430
422 354 744 431 ACADEMIAE
780 357 1082 435 HISTORIA.
1121 361 1269 440 [tulli.
1451 391 1518 459 ²49

171 454 263 553 isque
283 444 314 525 se
331 451 518 551 comperisse
538 450 640 524 aiebat
653 477 690 525 ex
707 452 980 529 observationibus
996 452 1155 552 eclipseon
1175 483 1254 552 quas
1268 482 1305 529 ex
1319 459 1518 556 Ephemetid.
1540 462 1591 525 De

155 551 292 646 ¹Argoli.
307 570 551 647 computaverat
562 601 573 634 ,
606 548 785 622 dummodo
810 552 870 624 illae
889 555 1083 650 contigerint
1107 553 1304 651 temporibus
1319 579 1375 654 per
1397 554 1518 627 tabulas
1535 560 1619 625 Me-

168 643 367 743 prescriptis.
1535 650 1628 715 chan.

621 968 708 1054 CA
738 969 832 1057 PU
856 971 897 1051 T
983 975 1002 1054 l
1027 973 1096 1059 ll.

531 1189 586 1257 De
617 1172 830 1260 mechanicis
852 1175 896 1266 ό
918 1175 1161 1288 sydsoslaticia.

166 1389 196 1460 1·
318 1388 352 1456 le
369 1380 497 1454 deciam
521 1388 635 1458 Martii
661 1413 735 1461 cum
763 1393 809 1460 D.
830 1387 870 1456 de
900 1390 1043 1461 louvois
1064 1417 1120 1489 per
1148 1395 1194 1463 D.
1217 1386 1387 1462 Thevenot
1413 1392 1524 1485 poliu-

320 1476 405 1551 lauet
416 1474 459 1547 ab
474 1481 649 1553 Academia
671 1506 708 1555 ut
729 1507 804 1554 eum
822 1482 913 1577 Julii
925 1487 1067 1558 Frontini
1083 1485 1202 1558 librum
1222 1480 1346 1555 Gallice
1371 1487 1524 1573 redderet,

171 1581 229 1676 qui
251 1577 291 1654 de
313 1598 405 1671 aquae
424 1573 569 1645 ductibus
587 1572 766 1649 inscribitur
795 1574 1055 1689 &perobscurus
1079 1579 1201 1677 semper
1226 1573 1308 1646 visus
1327 1578 1395 1664 est,
1420 1580 1527 1678 plures

169 1698 211 1744 ex
228 1671 405 1744 Aoedenaia
422 1666 575 1739 volumen
594 1676 677 1742 inter
697 1670 730 1742 se
751 1677 859 1770 partin
878 1671 967 1742 brevi
991 1680 1145 1776 temporis
1166 1670 1268 1768 spatio
1283 1669 1362 1742 illud
1381 1668 1452 1747 sunt
1474 1681 1528 1746 in·

323 1768 346 1837 i.
378 1765 467 1834 Tum
486 1759 578 1833 suum
625 1764 735 1863 uisque
760 1766 906 1837 laborem
920 1770 953 1836 in
967 1771 1111 1840 medium
1130 1765 1292 1850 contulit,
1318 1777 1351 1838 &
1378 1774 1526 1840 Domino

164 1869 191 1938 S
232 1868 318 1933 'osu
331 1883 442 1928 earum
456 1881 563 1928 rerum
584 1791 760 1932 admodum
781 1865 886 1959 perito
904 1865 1061 1960 quidquid
1075 1862 1137 1935 fuit
1155 1858 1356 1932 elaboratum
1375 1916 1385 1947 ,
1410 1885 1445 1932 ut
1470 1888 1528 1932 ex·

167 1958 289 2056 poliret
314 1963 350 2029 dc
380 1977 456 2024 cum
486 1955 717 2053 exemplaribus
744 1959 1020 2054 interpretationes
1058 1956 1218 2031 conferret
1246 2009 1258 2039 ,
1292 1957 1444 2026 traditum
1471 1957 1529 2030 est.

168 2051 272 2152 Qud
290 2048 425 2217 qustidem
441 2050 546 2145 operis
564 2075 632 2120 non
657 2050 769 2123 inutile
789 2046 927 2122 fortassis
951 2077 1011 2123 nec
1037 2054 1204 2150 indignum
1224 2046 1355 2146 publica
1378 2051 1450 2124 luce
1474 2052 1530 2124 su-

170 2170 324 2222 mmme
357 2198 367 2217 .

218 2245 275 2315 11.
304 2245 430 2311 Interea
448 2244 494 2311 D.
516 2241 657 2314 Perrault
675 2239 828 2311 linearem
850 2239 1004 2311 machinae
1027 2241 1270 2337 descriptionem
1284 2240 1448 2338 proposuit
1464 2270 1529 2336 qtra

168 2334 261 2441 plani
281 2334 446 2406 declivitas
468 2335 508 2405 ad
533 2334 744 2430 profluentem
757 2348 875 2429 aquam
890 2332 1029 2429 requisiti
1048 2330 1255 2430 dignoscitur.
1296 2342 1391 2406 Hanc
1406 2339 1530 2410 machi·

169 2459 250 2506 nam
264 2437 300 2505 in
313 2429 411 2500 horto
436 2425 494 2500 suo
513 2427 692 2500 suburbano
714 2427 886 2525 parandam
904 2433 1054 2516 curavit,
1078 2436 1144 2521 ejus
1168 2422 1339 2527 descriptio
1360 2456 1532 2502 commen-

169 2532 265 2601 tariis
280 2523 456 2597 Academi:
468 2525 511 2593 ess
526 2523 721 2620 confignata.

226 2621 335 2712 Cujus
348 2620 391 2687 rei
409 2614 570 2689 occasione
587 2624 631 2690 D.
647 2615 767 2690 Casllni
787 2612 931 2685 chartam
953 2613 1046 2687 nobis
1061 2614 1202 2687 exhibuit
1228 2673 1239 2703 ,
1265 2617 1320 2691 ubi
1338 2619 1415 2691 Padi
1430 2644 1532 2718 prope

176 2718 358 2790 Ferrariam
374 2715 507 2784 divortia
523 2714 742 2799 delineantur,
767 2733 906 2805 cumque
921 2711 1000 2782 alius
1016 2720 1120 2782 amnis
1142 2738 1175 2784 v.
1203 2717 1285 2782 Reno
1308 2771 1319 2794 ,
1357 2719 1532 2787 Ferrariam

173 2813 381 2911 perveniret,
398 2812 483 2878 cives
506 2810 544 2878 ad
562 2837 581 2896 7
602 2806 699 2904 usque
718 2807 864 2877 milliaria
891 2814 958 2897 ejus
983 2806 1108 2876 cursum
1130 2807 1312 2882 derivarunt
1338 2869 1348 2897 ,
1376 2816 1432 2904 qui
1459 2815 1532 2882 inde

172 2907 353 2980 Ferrariam
375 2927 430 3002 per
444 2902 542 2973 aliam
555 2908 641 2976 viam
668 2925 786 2973 remeat
809 2956 820 2986 ,
840 2899 964 2972 tametsi
985 2901 1148 2972 declivitas
1169 2900 1206 2972 stt
1224 2908 1451 2978 tantummodo
1471 2933 1532 3005 pc·

173 3005 253 3074 dum
294 3001 348 3068 nin
374 3021 425 3070 ue.

219 3024 297 3168 Its.
326 3025 373 3167 Dp
390 3092 430 3161 de
449 3089 480 3161 la
507 3097 589 3164 Hire
618 3097 800 3187 Sequanam
819 3115 856 3161 ex
876 3089 954 3161 urbe
974 3089 1134 3161 labentem
1157 3088 1307 3178 libravit,
1330 3099 1412 3167 intra
1442 3093 1533 3166 mille

174 3187 413 3290 hupedarum
432 3185 573 3284 spatium
590 3194 623 3260 in
644 3187 780 3286 longum
803 3188 988 3287 porteslum
1006 3189 1117 3258 decem
1145 3193 1372 3262 tarrtummodo
1396 3193 1530 3292 polliots

175 3287 302 3361 declive
314 3281 438 3354 flumen
460 3288 588 3379 reperit.
1520 3288 1523 3297 '

225 3383 267 3454 {d
285 3388 421 3474 qnoque
435 3400 473 3445 ex
487 3375 708 3449 librationibns
723 3382 877 3451 accuratis
906 3379 927 3446 d
946 3380 1053 3446 medio
1076 3377 1158 3446 Xissi
1184 3380 1235 3450 vel
1253 3378 1428 3451 ambulacri
1450 3409 1482 3454 v.
1502 3382 1531 3444 le

174 3486 278 3550 court
293 3472 333 3538 ase
347 3473 381 3536 sa
398 3470 491 3541 Rtine
501 3473 540 3541 ad
555 3480 662 3544 vicum
675 3469 773 3569 usque
788 3470 963 3547 Pasllacum
976 3469 1069 3542 fassis
1082 3470 1233 3566 collegit,
1247 3477 1358 3557 decem
1372 3473 1532 3567 pollicum

173 3573 396 3648 declivitatem
415 3563 501 3636 mille
517 3565 592 3637 hera
618 3570 680 3636 edis
696 3566 894 3662 respondere.

223 3672 300 3736 lv.
328 3663 408 3759 Jam
422 3683 456 3730 ut
468 3659 510 3730 ab
532 3595 764 3759 Hylrostaticis
778 3662 816 3731 ad
828 3684 929 3731 artem
952 3659 1212 3731 machinatricem
1225 3666 1415 3742 veniamus,
1432 3665 1473 3730 D.
1489 3664 1529 3732 de

179 3769 214 3841 la
238 3765 361 3829 beaune
383 3753 627 3853 horologiorum
639 3755 746 3852 opifex
769 3755 933 3825 industrius
958 3753 1105 3852 portatile
1127 3753 1332 3853 horologium
1354 3752 1528 3847 exhibuit,

178 3866 277 3950 cnjus
295 3849 519 3921 libramentum
546 3876 677 3949 magnas
706 3854 771 3923 edit
791 3847 982 3921 vibrationes
1008 3906 1018 3937 ,
1042 3854 1130 3946 quod
1153 3855 1186 3920 in
1207 3854 1387 3947 complures
1419 3877 1531 3948 agatur

177 3973 294 4058 gyros
328 3949 405 4015 Hoc
443 3949 489 4017 D.
515 3944 635 4018 Cashni
659 3947 840 4042 probavit,
869 3948 965 4040 idque
989 3971 1062 4015 cnm
1093 3946 1237 4043 pendulis
1269 3945 1349 4018 bene
1372 3949 1530 4022 cohaerete

180 4047 300 4151 primis
321 4038 596 4138 ‹liebuscomperit
618 4099 629 4130 ,
650 4051 683 4114 δι
705 4044 819 4112 oslava
838 4063 964 4116 tantum
982 4043 1068 4111 horae
1084 4065 1173 4139 parte
1200 4045 1271 4140 post
1292 4046 1370 4114 osio
1397 4047 1461 4116 dies
1477 4071 1530 4115 re-

218 4142 314 4212 rdari.

181 4169 272 4310 tall.
307 4237 370 4306 Die
397 4231 530 4332 21Julli
554 4233 707 4305 machina
734 4229 866 4326 figuram
894 4228 1035 4301 exhihuit
1055 4235 1097 4302 D·
1127 4234 1267 4306 Perrault
1290 4289 1301 4319 ,
1324 4258 1387 4328 qua
1414 4235 1529 4303 ruden-

177 4358 227 4413 tes
241 4326 388 4400 sistuntur
408 4356 482 4399 cum
497 4353 611 4426 magna
628 4327 776 4397 firmitate
796 4381 806 4410 ,
831 4334 863 4395 δι
886 4324 976 4394 liberi
1003 4328 1205 4398 dimittuntur
1225 4354 1293 4401 non
1310 4332 1425 4398 minori
1446 4326 1529 4401 saci·

177 4433 283 4507 litate.
307 4429 420 4520 Qam
442 4422 623 4495 machinam
648 4427 811 4521 permagni
834 4418 904 4495 usus
921 4417 981 4489 esse
999 4421 1109 4491 docuit
1122 4445 1157 4492 ut
1174 4429 1221 4495 vis
1237 4427 1385 4523 potentiae
1399 4422 1528 4493 trahen·
1557 4495 1563 4507 ,

178 4532 221 4603 tis
248 4546 307 4594 aut
333 4518 524 4616 impellentis
549 4543 603 4615 per
623 4522 773 4612 repetitos
795 4539 926 4586 conatus
950 4520 1050 4614 magis
1070 4542 1106 4585 ex
1150 4520 1213 4588 dita
1242 4523 1396 4592 reddatur.
1438 4522 1529 4588 Nam

227 4621 402 4692 sentiarum
417 4610 640 4706 aslionessunt
656 4618 689 4681 in
704 4610 822 4706 duplici
841 4608 1017 4682 differentia
1038 4637 1098 4681 con
1127 4619 1211 4684 itutae
1227 4671 1238 4699 ,
1257 4615 1327 4684 aliae
1342 4614 1531 4681 continuato

181 4735 311 4816 mpetu
329 4717 363 4786 δι
386 4712 520 4780 minime
537 4710 715 4807 interrupto
728 4728 911 4782 exercentur
921 4759 933 4796 ,
947 4729 982 4780 ut
996 4705 1124 4779 elateria
1145 4717 1180 4782 ὅ(
1194 4707 1446 4872 ponderalsaliae
1468 4711 1530 4779 im·

1363 4824 1375 4871 r
