3646 5430
271 359 633 482 *ACsDEMIAE
672 378 999 454 HISTORIA.
1041 378 1131 457 [rt.
1156 363 1202 454 n'.
1368 396 1415 478 'l'

66 496 127 572 que
139 471 182 545 ad
199 467 291 545 usum
304 483 339 548 dt
374 478 475 547 raxim
486 471 648 574 spedant,
663 481 697 548 in
710 477 878 576 posteriori
890 479 1114 553 traderentur.
1137 484 1176 550 ln
1184 474 1237 548 illa
1247 478 1329 548 vires
1338 499 1411 548 cor.
1430 473 1512 547 Me·

66 595 172 667 porum
184 573 339 643 morrices
351 499 406 643 seu
418 577 589 671 potentia,
604 571 697 646 fimul
710 581 744 648 dr
763 571 956 675 simplicium
967 574 1190 649 machinarum
1203 579 1341 647 rationes
1355 597 1413 646 ex.
1430 567 1525 639 chan.

8 776 15 817 ἴ
67 690 369 861 Ροὲῗάᾝῖιιιΐδιω
388 760 494 836 visum
507 766 551 837 est
567 769 654 836 vatia
676 772 893 866 potentiarum
914 790 1054 868 genera,
1080 788 1117 840 ut
1134 767 1327 856 hominum,
1342 772 1416 841 ani-

8 834 19 969 i
72 865 228 950 mutium,
241 865 351 950 venti,
365 859 511 949 elaterii,
526 859 730 961 percuffionis
737 868 776 937 ad
791 868 971 958 ponderum
986 887 1151 938 momenta
1163 867 1307 934 revocari
1316 889 1416 962 opor.

9 974 16 1081 p
75 958 257 1054 tere‚idque
270 952 388 1046 exipsa
399 961 593 1052 experientia
606 956 830 1034 definiendum.
862 968 920 1037 Ex.
933 988 982 1061 gr.
1004 982 1162 1060 quantum
1188 959 1337 1057 ponderis
1361 965 1414 1031 vi·

9 1094 13 1137 ι
75 1053 259 1125 rethurmnis
275 1051 396 1152 possint
408 1052 556 1125 attollere
568 1077 624 1126 aur
641 1055 766 1129 trahere
787 1115 798 1145 ,
820 1067 854 1132 dr
877 1062 922 1130 ita
942 1060 981 1130 de
1011 1063 1140 1130 caretis.
1179 1083 1209 1128 ι.
1253 1058 1415 1155 Principia
1547 1104 1555 1117 ·

73 1152 205 1317 qmffl
222 1149 384 1317 generlalia
411 1155 496 1220 circa
519 1155 636 1267 virium
652 1155 850 1317 ilncrtmenta
871 1155 1018 1227 constitui
1033 1177 1207 1266 oportere,
1235 1147 1414 1243 cujusmodi

60 1246 122 1414 ih
136 1247 1417 1447 nmirllts'llll²lllzrlrllizllihlllll‘,‘'Plssila

56 1438 151 1511 nulla
160 1462 284 1511 utamur
295 1436 444 1512 nnchina
457 1473 467 1528 3
482 1440 551 1537 qud
568 1370 692 1538 pondis
703 1441 743 1511 ad
757 1442 889 1609 duplam
904 1442 1104 1516 altitudinem
1117 1440 1262 1528 tollatur,
1274 1367 1413 1512 ihesum

51 1549 186 1608 tantm
196 1541 347 1634 potentiae
358 1556 414 1607 aut
423 1540 541 1608 virium
554 1539 600 1609 est
618 1538 788 1635 impenden
812 1562 880 1613 um.

114 1639 179 1706 Vl·
217 1632 381 1706 Nonnulli
402 1653 470 1704 rem
496 1631 597 1734 ipsam
620 1639 724 1733 magis
747 1635 893 1706 distinstd
915 1640 950 1705 &
975 1633 1189 1730 particulatim
1213 1633 1414 1708 tractandam

45 1725 227 1801 censebant
248 1762 260 1818 3
279 1735 424 1828 primum
441 1752 477 1800 ut
497 1734 661 1828 principiis
686 1727 932 1827 simplicioribus
951 1785 963 1816 ,
989 1752 1126 1827 quaque
1148 1753 1260 1803 natura
1286 1727 1417 1806 adhibet

39 1827 251 1924 explicatis,
275 1820 440 1924 pracipuae
464 1824 574 1898 monis
603 1824 721 1924 species
740 1834 775 1899 &
802 1852 863 1926 pro
886 1831 1011 1898 rietates
1033 1848 1268 1925 exponerentur
1296 1851 1306 1896 a
1340 1850 1417 1899 cum

43 1919 246 1993 mechanicae
254 1926 382 2008 omnis,
397 1918 419 1990 sr
435 1927 565 2021 proprie
576 1920 669 2019 loqui
678 1921 843 2010 volumus,
853 1853 890 1993 st
901 1947 951 1993 ars
961 1921 1113 1993 movendi
1127 1946 1264 2024 corpora
1275 1979 1285 2010 ,
1295 1944 1349 1993 aut
1357 1946 1419 1992 eo-

44 2012 392 2090 tummotusfistendi.
405 2042 433 2090 2.
446 2020 498 2092 Ur
510 2023 667 2117 praecipua
680 2018 790 2091 mortis
800 2018 1031 2117 impedimenta
1040 2019 1303 2117 expenderentur,
1316 2012 1421 2112 cujus·

48 2114 144 2184 modi
155 2111 230 2187 sunt
243 2136 420 2211 corporum
431 2119 591 2210 gravitas,
605 2112 719 2214 ligura,
734 2119 887 2187 raritas&
900 2111 1045 2188 densitas.
1056 2141 1083 2203 3.
1096 2119 1229 2190 Naturae
1238 2118 1419 2213 ingenium,

48 2206 280 2309 obigeneralia
290 2213 446 2307 principia
457 2234 606 2283 motuum
616 2209 768 2310 applicat,
777 2208 946 2309 diligenter
958 2209 1331 2375 indappndumffixempli
1342 2210 1421 2281 loco

51 2305 89 2374 id
102 2329 290 2404 portamus,
312 2307 404 2402 quod
424 2307 519 2378 instar
533 2306 733 2378 fundamenti
756 2306 832 2377 huic
853 2303 989 2376 scientiae
1010 2300 1043 2373 su
1066 2307 1214 2378 sternitur
1235 2361 1246 2386 ,
1279 2329 1419 2402 corpora

55 2420 128 2472 tum
143 2394 208 2474 effe
220 2408 254 2474 iu
264 2427 293 2472 ae
318 2399 472 2481 uilibrio,
494 2429 569 2475 cum
584 2404 725 2500 pondera
738 2399 808 2472 sunt
822 2404 856 2471 in
873 2405 997 2470 ratione
1010 2405 1174 2498 reciproca
1185 2399 1416 2471 velociraruma

55 2517 94 2568 ut
106 2522 230 2597 corpus
246 2426 435 2592 4librarum
451 2501 595 2598 potentii
603 2502 696 2569 unius
715 2495 801 2568 librae
813 2493 979 2568 attollatur
997 2548 1008 2580 ,
1031 2492 1114 2565 illius
1130 2493 1255 2593 pondus
1278 2495 1365 2565 velut
1382 2499 1418 2567 in

57 2616 207 2688 quatuor
221 2591 470 2690 partesdivisum
482 2599 682 2694 concipimus
699 2648 711 2681 ,
728 2600 763 2665 δι
779 2595 902 2691 partitis
925 2612 1063 2686 quatuor
1083 2585 1284 2687 temporibus
1306 2585 1420 2660 subve-

58 2685 211 2758 hendum
235 2713 337 2762 :cum
359 2689 442 2762 idem
463 2716 579 2790 corpus
598 2697 632 2760 dt
653 2689 770 2762 eodem
793 2709 940 2786 tempore
970 2690 1002 2756 vi
1029 2691 1191 2852 potentia
1211 2714 1234 2775 4
1263 2684 1419 2758 librarum

59 2776 227 2857 sublatum
244 2782 356 2861 huden
379 2790 424 2857 Ex
445 2785 561 2885 quibus
583 2785 685 2882 liquet
705 2810 775 2859 turn
794 2779 1009 2882 aequilibrium
1052 2788 1115 2869 eri,
1137 2806 1213 2853 curn
1233 2781 1421 2881 pondera&

59 2900 211 2977 tempora
225 2904 264 2954 ex
276 2904 339 2954 una
451 2906 618 2981 aequantur
631 2881 824 2982 ponderibus
837 2877 1082 2977 &temporibus
1104 2875 1198 2949 simul
1220 2885 1254 2952 dt
1268 2900 1307 2947 ex
1329 2898 1420 2975 parte

60 2974 158 3047 altera
168 2970 313 3080 sumptis.
365 3003 421 3049 am
430 2985 465 3056 in
480 2985 578 3077 priori
591 3001 684 3050 motu
698 3001 761 3048 una
774 3000 842 3049 erat
853 2972 933 3045 libra
947 3029 960 3062 ‚
973 2981 1007 3046 dr
1021 2996 1161 3072 quatuor
1183 2992 1331 3075 tempora
1352 3030 1365 3064 ,
1382 2976 1420 3047 iri

63 3073 231 3169 posteriori
243 3099 345 3146 unum
359 3076 404 3144 est
418 3100 482 3147 tem
507 3101 543 3170 us
555 3084 590 3149 &
604 3097 743 3170 quatuor
758 3072 857 3145 librae.

107 3174 184 3244 Vll.
213 3176 369 3245 Praeterea
386 3171 419 3241 id
438 3104 639 3269 pohulabanr
661 3193 696 3242 ut
716 3192 829 3248 centro
852 3169 980 3240 uirtutis
1008 3174 1042 3241 dr
1061 3173 1127 3259 ejus
1148 3164 1419 3265 proprietatibus,

64 3287 175 3338 centro
191 3267 306 3340 iridem
328 3290 461 3355 motus,
478 3267 653 3337 diredhione
665 3275 699 3339 dt
716 3263 952 3337 acceleratione·
968 3257 1108 3351 seorsum
1121 3284 1158 3332 er
1184 3260 1303 3351 licaris,
1321 3268 1417 3361 ignis,

64 3365 165 3452 a‘e'ris,
189 3382 285 3462 aquae
310 3368 476 3436 moriones
497 3363 593 3461 paulo
613 3362 740 3433 uberius
764 3376 1010 3458 exponerentur.
1037 3288 1205 3454 Perspeda
1229 3364 1316 3430 enirn
1337 3367 1426 3460 ignis

63 3463 197 3554 agitatio
213 3461 255 3530 ad
275 3480 345 3531 rent
370 3463 612 3531 tormentarianr
636 3515 647 3545 ‚
670 3455 861 3542 cuniculos,
887 3461 976 3553 ignes
998 3452 1123 3526 miffiles
1142 3453 1295 3550 applicari
1325 3453 1422 3526 facile

63 3559 177 3650 potest.
201 3561 257 3628 Sic
269 3560 351 3627 a'e'ris
364 3579 493 3646 morus,
521 3553 688 3626 elaterium
709 3609 720 3640 ,
739 3549 811 3621 usus
829 3555 864 3619 in
881 3554 1087 3647 navigatione
1101 3551 1234 3616 minime
1252 3540 1323 3615 sunt
1341 3570 1420 3644 prae·

63 3655 227 3726 tereunda.
253 3657 354 3727 Varia
372 3653 552 3721 honorum
580 3645 797 3718 Theoremata
818 3645 858 3713 de
880 3666 974 3715 motu
995 3664 1173 3738 aquarum.
1192 3637 1420 3717 deesllutuum

68 3747 264 3850 temporibus
277 3755 311 3821 dr
327 3746 479 3821 mensuris
493 3745 601 3819 forent
615 3735 822 3830 recensenda,
839 3735 1016 3812 solidorum
1042 3733 1210 3807 resistentia
1227 3790 1239 3824 ,
1261 3737 1422 3833 percuffio

114 3847 307 3917 rtradhandae.

66 3870 237 4016 peVlll.
270 3941 437 4014 Postremo
462 3964 621 4036 quantum
646 3962 697 4009 ars
718 3933 813 4033 poffit
836 3938 871 4005 in
898 3958 1074 4032 corporum
1099 3926 1242 4000 moribus
1266 3929 1307 4000 ad
1327 3927 1426 4007 usum

66 4040 245 4111 hominum
261 4038 452 4135 applicandis
468 4037 654 4108 intuendum
676 4033 761 4105 esser.
803 4037 918 4107 Prima:
938 4036 1089 4103 nimirum
1116 4034 1149 4098 δι
1172 4023 1327 4126 fimplices
1350 4054 1422 4100 ma-

66 4135 176 4210 ehinae
191 4133 376 4232 explicamae
392 4189 402 4220 ,
420 4157 490 4230 quae
506 4133 548 4203 ad
567 4154 706 4228 quatuor
727 4133 869 4201 revocari
893 4117 1046 4225 possunt3
1069 4121 1206 4209 libram,
1225 4123 1355 4220 planum
1366 4129 1419 4194 in-

69 4233 252 4312 clinatum,
268 4230 429 4302 elaterium
444 4239 478 4303 dt
499 4228 651 4299 malleum
680 4251 782 4297 :nam
804 4224 927 4310 vestis,
947 4221 1117 4306 trochlea,
1139 4224 1258 4290 atisin
1303 4223 1423 4289 eritro-

70 4327 143 4401 thio
157 4328 306 4424 quadam
319 4319 390 4396 sunt
402 4324 491 4398 librat
506 4321 526 4395 s
542 4330 649 4411 ecies,
672 4344 708 4393 ur
728 4344 846 4393 cuneus
866 4326 899 4390 de
925 4316 1059 4389 cochlea
1080 4372 1090 4403 ,
1112 4338 1148 4386 ur
1176 4319 1215 4425 iis
1233 4246 1423 4399 sisibutus,

73 4422 156 4522 plani
165 4422 325 4497 inclinati.
336 4423 444 4514 Prima
457 4431 491 4494 δι
504 4350 710 4518 limpliciores
720 4414 875 4491 machinas
888 4416 1013 4487 uberius
1023 4406 1426 4507 ellenterplrcandae‚quod

74 4537 107 4589 er
116 4527 155 4594 iis
166 4524 328 4592 ducantur
339 4541 377 4588 ea
387 4544 458 4615 quae
470 4522 504 4591 in
517 4515 650 4589 secunda
665 4521 769 4611 operis
779 4538 869 4613 parre
878 4532 971 4584 erunt
986 4508 1217 4608 pertradianda.

13 4640 16 4691 ῑ
116 4624 179 4693 lx.
204 4617 317 4714 Atque
332 4612 399 4686 hoec
426 4617 465 4686 de
486 4613 578 4685 rebus
604 4619 638 4682 in
661 4616 758 4710 priori
775 4631 863 4708 parte
882 4608 1086 4709 explicandis.
1116 4608 1154 4673 ln
1171 4626 1212 4673 eo
1231 4599 1297 4671 fere
1311 4622 1429 4711 omnes

77 4710 316 4787 consentiebant
330 4769 347 4800 ,
361 4712 478 4783 cundia
490 4709 627 4808 simplici
643 4718 678 4785 dt
697 4707 842 4808 expedita
868 4704 1026 4781 methodo
1041 4695 1101 4773 esse
1121 4698 1286 4770 tradtanda
1298 4753 1308 4784 ‚
1322 4693 1363 4765 ab
1386 4720 1424 4766 ns

13 4788 17 4863 Ῑ
79 4811 206 4886 verbus
218 4809 549 4908 absurdumque
563 4805 788 4883 eruditioribus
803 4803 935 4882 rauttlm
958 4820 1043 4876 note
1063 4795 1135 4871 sunt
1157 4831 1169 4889 3
1194 4795 1263 4864 imb
1286 4814 1326 4865 ne
1345 4795 1431 4864 Max
