3646 5430
410 376 757 457 returnar
795 376 1122 458 uictoria.
1163 381 1324 462 tran.
1493 406 1544 489 re,

205 493 293 556 'unm
311 475 474 580 superiore
491 478 608 551 seculo
630 475 770 551 vifisunt
799 512 808 564 ;
838 476 872 550 hi
896 477 1028 575 quidem
1048 502 1125 553 cum
1151 505 1258 554 motus
1273 487 1317 556 est
1332 484 1513 563 celerrimus
1560 490 1600 555 A
1605 488 1674 557 ira.

205 578 367 673 dira4aut
384 606 400 671 5
419 578 536 672 gradus
559 571 687 672 fingulir
708 574 818 647 diebus
840 598 906 645 non
925 598 1111 652 excurrunt.
1530 551 1639 659 ’riomc

236 676 381 746 Alterum
395 675 612 746 cometarum
631 695 730 768 genus
750 692 843 744 motu
855 667 922 743 fere
932 674 1121 773 retrogrado
1132 697 1243 748 contra
1256 675 1418 772 signorum
1430 673 1541 752 seriem

202 765 287 843 hatur»
329 778 429 842 ineo
450 763 632 840 censuerat
652 770 792 840 Cometa
817 773 892 840 anni
912 782 995 858 1672
1012 775 1060 841 uti
1080 778 1114 843 &
1128 772 1208 843 aliur
1223 777 1300 843 armi
1321 785 1432 864 1664,
1453 785 1543 864 cujus

195 882 287 939 uuus
301 869 342 940 ad
370 892 395 952 4
418 859 519 960 usque
540 866 657 961 gradus
670 869 704 936 in
730 869 870 936 maxima
890 863 942 936 sua
959 863 1131 938 velocitate
1146 873 1300 965 pervenit.
1325 871 1447 962 -Hujus
1466 897 1543 938 mo·

190 962 236 1035 ur
249 966 329 1037 linea
344 962 452 1035 multo
470 965 572 1058 magis
583 957 624 1030 ab
641 959 798 1061 Ecliptica
816 957 1006 1033 dehedeebat
1022 1017 1033 1049 ,
1049 987 1148 1060 quam
1170 967 1203 1033 in
1227 968 1265 1034 iit
1290 967 1347 1061 qui
1374 987 1467 1035 motu
1494 967 1544 1036 di·

178 1062 268 1133 reato
297 1066 435 1130 cientur.
1194 1104 1197 1109 -

233 1153 486 1229 Observationes
504 1149 572 1220 suaa
593 1155 676 1222 citor
703 1149 790 1222 hunc
818 1151 993 1225 Cometem
1015 1152 1151 1228 Madriti
1179 1151 1281 1228 fadlaa
1309 1163 1345 1231 Ρ.
1376 1157 1541 1252 Saragossa

161 1255 257 1324 Soc.
275 1246 351 1350 jesu
373 1247 457 1320 mifit
467 1250 509 1317 ad
533 1249 578 1321 D.
599 1245 768 1320 (alsinum
791 1272 862 1346 que
880 1255 914 1320 in
928 1253 1104 1340 Academia
1125 1253 1213 1323 ledia
1237 1250 1327 1338 stmt,
1350 1263 1384 1325 dc
1406 1275 1482 1322 cum
1505 1261 1542 1326 iis

166 1373 263 1513 ηυξ
270 1357 309 1460 in
323 1343 553 1512 Dbserfparorio
566 1342 658 1416 sada
670 1341 822 1434 fuerant,
840 1344 978 1421 collatae.
993 1339 1247 1421 Observationes
1262 1347 1329 1423 suat
1341 1357 1386 1424 D.
1394 1347 1540 1425 Calllnus

210 1470 231 1513 u
266 1468 307 1514 rer
339 1466 400 1512 nna
444 1460 497 1512 cu·

175 1472 209 1542 P
241 1469 740 1639 1v.¹Qnietiam18Augusti
817 1559 908 1607 mum
924 1538 1021 1636 Jotia
1045 1537 1215 1611 satellitem
1235 1546 1539 1642 corpurJovissub·

183 1659 310 1708 euntem
325 1642 360 1706 dc
378 1655 417 1703 ex
430 1631 487 1703 illo
500 1657 669 1705 exeuntem
689 1638 733 1703 ita
748 1561 947 1721 observavit,
973 1658 1010 1708 ut
1031 1635 1052 1705 d
1067 1636 1155 1729 Jove
1170 1640 1181 1705 i
1206 1629 1239 1707 so
1256 1634 1487 1725 secerneretur,
1504 1654 1539 1717 δι

180 1732 262 1802 illius
280 1726 397 1800 umbra
420 1730 453 1797 in
465 1729 562 1824 Jovis
584 1753 721 1827 corpore
732 1725 856 1826 semper
870 1730 1040 1804 videretur.
1074 1664 1245 1826 Qanrllrm
1257 1738 1290 1803 in
1304 1758 1397 1807 motu
1410 1737 1539 1810 secundi

177 1831 318 1899 &tertii
343 1821 485 1896 satellitis
511 1823 775 1922 irregularitatem
807 1824 1041 1899 animadvertit.
1079 1830 1214 1897 Novam
1230 1830 1369 1923 denique
1396 1838 1429 1902 in
1477 1860 1541 1906 ove

175 1921 338 1993 maculam
356 1944 428 2016 quae
447 1924 482 1989 in
496 1924 615 2013 majori
634 1915 730 1991 fascia
746 1920 870 1990 videtur
891 1918 978 1990 adia
994 1952 1010 2018 5
1028 1922 1107 2019 Julii
1128 1916 1349 2018 deprehendit,
1366 1837 1540 2021 quasnam

175 2018 345 2130 periodum
366 2020 449 2128 intra
461 2039 583 2126 novem
599 2013 752 2087 horarum
764 2023 840 2111 &55
851 2014 1077 2111 mimspatium
1089 2015 1230 2127 conficit.
1242 2021 1363 2114 Jovem
1375 2027 1417 2092 ita
1429 2027 1538 2124 dispo-

177 2109 1539 2313 {31:2¹3didam{diiiiitaburiumuuillelmi}

176 2304 328 2376 reducem
346 2302 469 2376 irivenit
489 2297 647 2387 coufimili
673 2299 873 2389 modolintet
885 2296 1001 2404 fascias
1013 2302 1332 2402 politanajssquoante
1346 2304 1539 2386 biennium:

174 2405 207 2471 in
219 2400 334 2472 medio
351 2398 468 2472 scilicet
481 2394 579 2501 Jovis
604 2393 694 2468 fitam
719 2405 752 2469 u
766 2422 807 2483 eo
824 2394 902 2466 laco
922 2406 1051 2494 „quem
1077 2409 1164 2487 juxta
1191 2398 1414 2493 Ephemerider
1435 2433 1536 2478 occu·

172 2521 252 2594 pare
271 2495 409 2659 dpbuir:
428 2492 525 2568 fascia
545 2493 656 2565 iridem
668 2491 741 2565 alba
762 2496 843 2563 inter
868 2488 946 2564 duaa
968 2487 1167 2564 obsturiores
1187 2496 1207 2581 '‚·
1229 2515 1265 2563 ut
1282 2498 1391 2591 prius,
1408 2496 1454 2569 sui
1478 2527 1538 2572 co.

202 2617 272 2663 lam
305 2614 381 2664 ecit.
975 2634 978 2641 ’
1039 2628 1042 2637 ’
1081 2630 1085 2639 ’
1141 2634 1144 2658 τ

175 2619 284 2852 ,ἰὰ
298 2717 1107 2880 m
1125 2688 1480 2859 aa
1494 2693 1539 2861 i

941 2837 964 2868 ψ
1309 2838 1321 2870 a

171 2876 470 3049 {Zizidtillf
489 2877 750 3072 diligis?
757 2875 994 3046 halahis
1001 2872 1541 3075 shl‘sse‘i'liselio'si‘lssrlf'}

170 3063 329 3139 horarum
344 3071 409 3143 hrit
426 3079 461 3144 de
484 3098 526 3163 34
539 3077 621 3142 min.
653 3074 732 3140 Hoc
751 3094 859 3141 autem
882 3068 1007 3166 colligit
1030 3093 1069 3139 ex
1095 3096 1172 3141 com
1195 3073 1337 3140 aratione
1355 3071 1539 3146 emersionis

173 3160 335 3237 Mercurii
355 3192 433 3239 curu
451 3171 489 3239 iis
536 3191 591 3237 uas
614 3163 725 3236 habuit
747 3165 853 3238 multo
868 3164 938 3264 post
956 3173 1023 3260 ejus
1043 3097 1283 3236 immerllonem
1304 3164 1537 3241 observationi.

171 3251 234 3329 bur
260 3285 271 3331 t
295 3284 374 3335 cum
399 3193 639 3333 immerhonem
667 3258 711 3330 ob
735 3259 835 3334 nubes
862 3253 1061 3361 interpositas
1091 3257 1261 3332 observare
1288 3284 1355 3331 non
1386 3271 1542 3358 potuerit,

172 3356 265 3429 Cum
284 3373 399 3432 autem
417 3381 490 3429 eam
505 3351 760 3429 observationem
773 3363 858 3457 typis
878 3357 998 3428 editam
1009 3350 1208 3457 inscripsisset
1231 3360 1380 3427 Domino
1400 3357 1537 3453 Callini,

168 3459 267 3543 culm
288 3453 422 3527 calculo
437 3450 538 3554 ipsam
550 3476 614 3552 prae
638 3461 757 3525 ceteris
769 3447 1015 3524 consentaneam
1033 3446 1269 3551 deprehendisse
1295 3451 1393 3522 literis
1412 3455 1540 3530 testatus

167 3546 239 3634 dt,
253 3573 331 3623 eam
345 3556 393 3626 D.
414 3547 536 3624 Callini
549 3549 773 3621 contulitcum
787 3551 825 3617 iis
838 3572 917 3644 quar
935 3545 1110 3617 Gallendur
1131 3550 1273 3643 primum
1295 3603 1305 3633 ,
1326 3547 1439 3615 deiude
1464 3553 1538 3620 He.

175 3640 278 3714 velina
299 3645 383 3718 olim
404 3669 569 3746 peregerat
588 3670 598 3715 a
616 3646 700 3715 uude
715 3650 798 3716 inter
824 3663 935 3723 carrera
955 3639 1086 3738 collegit
1104 3641 1262 3711 Mercurii
1286 3639 1389 3709 nodos
1412 3644 1444 3709 in
1470 3647 1539 3715 Ta.

177 3732 271 3809 buliu
285 3741 505 3840 Rndolphinis
527 3743 652 3842 optime
670 3737 730 3812 esse
757 3741 999 3810 determinatos.
1039 3737 1101 3808 Sed
1128 3758 1166 3805 ex
1186 3731 1308 3834 ecliplis
1326 3735 1492 3810 duratione
1518 3738 1541 3813 ὲ

176 3833 355 3915 nuntiet
367 3837 507 3909 deduela
519 3835 672 3910 conclusit
689 3835 884 3935 Aphelium,
910 3828 963 3906 seu
990 3837 1163 3904 maximam
1191 3836 1296 3923 ejusd
1316 3827 1391 3909 Sole
1418 3831 1538 3910 distan.

172 3931 493 4021 tiammvereere,
510 3935 592 4004 adeo
605 3956 641 4004 ut
656 3938 690 4004 in
710 3929 845 4005 Tabulis
872 3950 980 4003 motus
1002 3937 1071 4023 ejus
1091 3925 1234 3998 velocior
1246 3927 1354 3999 hocin
1375 3918 1435 3999 litu
1449 3937 1542 4006 eibi.

171 4020 298 4095 beatur
311 4048 402 4122 quam
417 4027 468 4100 hae
481 4029 584 4103 ferant
606 4028 853 4104 observationes.
879 4026 1002 4101 venun
1015 4026 1058 4097 ex'
1066 4021 1288 4097 observatione
1305 4049 1402 4123 quam
1424 4031 1542 4103 eodem

170 4139 333 4219 tempore
347 4128 389 4197 D.
403 4127 512 4224 Haley
531 4125 642 4197 habuit
653 4130 687 4197 in
700 4125 802 4198 insula
819 4125 944 4197 sanda
963 4121 1124 4207 Helena,
1150 4125 1182 4190 in
1201 4144 1265 4216 qua
1287 4117 1540 4212 immersionem,

170 4214 434 4291 &emersionem
457 4227 612 4294 Mercurii
625 4219 681 4322 ipsi
697 4225 787 4297 licuit
804 4217 971 4291 observare
988 4220 1180 4304 ,Mercurii
1202 4221 1235 4288 ln
1256 4218 1333 4289 Sole
1358 4243 1445 4287 mom
1474 4220 1539 4292 fuit

172 4310 363 4481 Jdelpp’raraum
380 4344 417 4408 ¹4
434 4323 515 4390 min.
533 4319 621 4418 quod
635 4326 765 4421 propius
778 4315 901 4387 accedit
920 4315 960 4387 ad
977 4312 1185 4385 'velocitatem
1198 4338 1237 4385 ex
1259 4313 1387 4412 Kepleri
1404 4314 1537 4388 Tabulis

316 4435 363 4486 m·
1146 4434 1149 4438 .

210 4510 286 4597 Ἢ.
325 4510 416 4583 Cum
429 4509 660 4584 refrallionum
677 4507 806 4584 scientia
819 4512 859 4582 ad
877 4509 1119 4581 hstronomicas
1134 4504 1534 4605 obseruationesmagnum

173 4599 290 4675 afferat
313 4628 521 4679 momentum
547 4649 558 4701 3
580 4631 616 4678 ea
642 4608 772 4705 quidem
796 4603 1009 4706 superioribus
1028 4608 1118 4675 annia
1144 4605 1283 4676 multum
1301 4603 1424 4672 exculta
1444 4603 1536 4696 suiv,

173 4719 274 4801 ttqtre
292 4699 457 4775 bocanno
472 4718 606 4778 exeunte
618 4709 811 4803 praecipuum
837 4726 945 4777 earum
973 4699 1221 4773 fundamentum
1234 4693 1403 4791 'diligenter
1428 4700 1536 4771 erens.

177 4789 256 4897 lum.
294 4805 342 4878 D.
359 4805 505 4879 Roe'mer
526 4799 661 4878 Cartesri
682 4799 886 4900 hypothesim
908 4825 948 4874 ca
971 4796 1093 4897 scriptis
1117 4801 1163 4874 D.
1184 4800 1329 4926 Fermatd
1351 4819 1421 4909 qna
1443 4806 1464 4866 a
1490 4807 1538 4873 D.
