3646 5430
354 359 701 440 herorum
738 363 1063 441 nrsrourr.
1106 367 1266 443 riu-ru.
1426 392 1483 466 ²57

150 460 193 535 lus
210 459 284 534 satis
296 483 416 557 aquam
437 485 676 547 commoveant,
689 458 883 556 aquadulcis
901 487 972 558 quae
990 460 1070 534 salsae
1089 461 1286 561 supernatat,
1314 486 1388 535 eum
1404 462 1477 537 salsa
1495 470 1584 568 chy.

150 554 342 631 ermiscetur.
372 559 434 628 Sed
449 584 534 652 aqua
547 553 621 628 salsa
634 556 806 627 commode
826 582 881 652 per
896 559 1000 630 situlas
1015 561 1205 653 quadratas,
1221 568 1254 631 dc
1265 585 1299 630 ut
1311 568 1409 632 moris
1419 565 1475 650 est,
1495 572 1585 645 mica.

151 673 349 724 oncatenatas
367 706 377 738 ‚
394 654 549 749 vulgiiam
565 651 739 749 chapelet,
752 649 958 739 extrahetur,
979 652 1000 720 si
1023 653 1175 748 cujusque
1190 653 1287 725 situlae
1304 654 1408 726 fundo
1419 684 1476 754 ap·

150 772 206 820 etur
223 746 395 836 ananum,
410 748 461 818 seu
474 747 599 818 vulvula
612 805 620 828 ,
635 774 668 814 v.
687 749 860 844 Souspape.
885 755 966 821 Haec
987 754 1073 817 enirn
1087 754 1226 847 aperitur
1241 753 1324 843 aqud
1343 749 1482 823 subeun-

150 868 175 933 ε,
193 868 272 914 cum
296 843 313 912 ὲ
340 867 438 941 putto
455 848 590 940 emergit
607 841 722 930 htula,
749 867 822 914 tum
847 850 979 942 proprio
1002 845 1141 939 pondere
1169 840 1287 930 relaph
1311 902 1321 932 ,
1354 848 1480 919 vulvula

150 941 249 1012 tulam
261 936 435 1024 occludet,
459 949 491 1010 dc
507 963 625 1034 aquam
640 937 786 1010 retinebit
797 994 807 1022 ‚
817 943 958 1032 quandiu
974 964 1049 1009 rotat
1063 935 1219 1009 beneficio
1233 937 1327 1008 situlae
1341 947 1480 1012 invicem
1502 1004 1505 1009 ,

150 1059 277 1107 >metz
298 1029 419 1104 sursum
433 1032 632 1107 attollentur.
661 1040 830 1132 Qrantum
854 1038 1036 1132 compendii
1052 1035 1185 1105 allatura
1210 1033 1246 1104 sit
1268 1033 1335 1119 hae
1358 1036 1488 1114 machi-

150 1157 162 1202 ι
184 1134 325 1226 experiri
342 1153 409 1199 non
429 1134 487 1200 erit
504 1125 658 1215 difficile,
680 1127 786 1198 srduae
807 1128 924 1225 lagenae
950 1128 1141 1221 impleantur
1171 1154 1255 1222 aqua
1279 1120 1353 1202 salsa
1380 1160 1388 1202 :
1412 1159 1483 1225 quae

150 1233 213 1297 rim
233 1223 473 1321 vulgarimodd
495 1222 670 1294 extrahitur
688 1281 701 1311 ,
719 1223 825 1295 multo
855 1220 1044 1295 minrlssalis
1056 1225 1166 1296 datura
1184 1227 1255 1314 est,
1283 1239 1384 1322 quam
1412 1252 1483 1324 quae
1599 1266 1603 1273 -

149 1346 185 1391 er
206 1319 292 1388 hanc
309 1317 491 1389 machinam
517 1321 678 1393 educetur.

175 1415 344 1487 Tertiatst
357 1413 498 1486 torcular
516 1439 553 1482 er
568 1414 689 1511 duplici
707 1411 821 1484 arbore
841 1412 1082 1512 compositum,
1099 1437 1237 1511 utraque
1252 1421 1351 1487 vectis
1371 1443 1487 1490 munus

150 1510 226 1595 bit,
243 1517 277 1581 δι
298 1508 486 1606 preffronem
501 1505 643 1578 multtlm
658 1532 765 1606 auget.

176 1608 249 1679 xl.
275 1610 321 1677 D.
337 1604 374 1675 de
392 1604 422 1673 la
438 1609 519 1675 Hire
536 1605 841 1678 demonstrationem
854 1605 1075 1678 mechanicam
1090 1599 1234 1702 exposuit
1257 1608 1393 1678 liilancir
1406 1665 1416 1694 ‚
1430 1633 1488 1680 cu·

149 1727 178 1774 rs
194 1700 334 1772 alterurn
347 1698 514 1771 brachium
530 1698 573 1768 est
595 1696 757 1771 horizonti
769 1700 955 1800 parallelum
971 1758 982 1788 ,
1000 1703 1135 1773 alterum
1149 1705 1192 1772 est
1209 1703 1409 1776 inclinatum.
1445 1711 1492 1776 Ex

149 1796 449 1868 adernonstratione
463 1795 600 1893 pendent
616 1819 652 1863 ea
668 1820 738 1891 quae
752 1798 792 1867 de
816 1795 955 1868 cochlea
981 1795 1101 1867 viribus
1126 1799 1208 1866 tradi
1231 1793 1331 1869 solent
1356 1824 1492 1896 quaque

149 1891 227 1964 rfius
247 1896 282 1963 iu
297 1893 455 1972 Tradtatu
468 1892 504 1961 de
520 1887 714 1961 Methanica
729 1910 903 1987 ann01695
924 1896 1012 1964 edito
1034 1892 1183 1990 explicat.

148 2081 1496 2194 ouoomoommnonunnoooa
1631 2114 1633 2120 ι

315 2263 742 2396 arctio
848 2247 1396 2389 Qunnrn'

393 2483 463 2574 De
495 2475 619 2577 Adiit
649 2475 890 2577 Academicis
921 2480 1019 2567 anni
1072 2486 1229 2598 1687.
1261 2484 1267 2496 '

148 2719 228 2909 Q
247 2711 310 2787 Ure
330 2712 368 2784 ad
389 2713 572 2788 Plantarum
596 2711 750 2814 analyhm
761 2766 772 2799 ,
792 2719 825 2784 dc
843 2709 1004 2809 Cliymica
1020 2697 1163 2807 spectant
1183 2709 1371 2800 elementa,
1398 2715 1497 2818 priori

245 2811 324 2882 loco
349 2833 551 2906 exequemur.

446 3145 737 3228 CAPUT
818 3145 1186 3233 PRIMUM.

322 3353 378 3422 De
411 3342 620 3422 tantarum
644 3337 814 3447 tAnalyfi
827 3391 839 3430 ,
873 3333 1111 3444 &chymicis
1138 3337 1325 3424 laboribus.

147 3537 166 3604 l.
288 3534 371 3606 Erba
395 3532 573 3605 cochlearia
599 3554 669 3627 qua
686 3524 832 3599 adversus
859 3524 1044 3599 scorbutum
1069 3528 1211 3599 adhiberi
1233 3526 1333 3615 solet,
1352 3530 1414 3600 fuit
1439 3560 1496 3606 er.

290 3628 426 3714 stillata,
451 3629 610 3725 liquorem
623 3649 660 3695 err
672 3624 809 3695 acido&
829 3629 893 3692 acri
916 3624 1045 3691 mistum
1061 3623 1157 3694 dedit.
1192 3629 1217 3694 E
1243 3622 1293 3694 sex
1315 3622 1402 3695 libris
1427 3632 1496 3700 duae

147 3720 216 3794 fere
234 3720 331 3796 uriciae
349 3725 435 3812 olei,
449 3721 497 3793 sex
511 3720 654 3793 lixivialis
669 3714 738 3788 salis
756 3715 913 3787 drachma
930 3715 1001 3787 suut
1012 3719 1168 3788 extractae.

199 3821 257 3892 ll.
281 3816 444 3890 Elauuca
465 3817 592 3888 silvestri
608 3816 747 3903 liquores
771 3838 882 3883 omnes
903 3813 984 3881 acidi
1028 3813 1149 3883 rodiere
1168 3830 1187 3901 ’,
1207 3836 1347 3886 extrema
1371 3825 1498 3913 portio.

146 3937 190 3986 ne
203 3936 353 4013 excepta,
372 3939 442 4008 quae
457 3911 596 3983 multrlm
609 3908 756 3981 efferbuit
774 3932 848 3979 cum
869 3904 980 4006 spiritu
994 3838 1063 3978 dalis
1089 3942 1099 3995 3
1127 3910 1190 3981 olei
1214 3917 1314 3983 unciae
1333 3915 1401 3983 duae
1425 3940 1501 3986 cum

146 4008 308 4095 semisseje
331 4036 345 4100 5
378 4009 466 4079 libris
487 4043 496 4094 ;
526 4004 593 4077 salis
614 4003 666 4075 fixi
693 4035 711 4086 9
736 4004 893 4075 drachmae
912 4029 986 4074 cum
1016 3998 1135 4075 semiffe
1152 4008 1327 4078 admodum
1354 4007 1502 4082 lixivialis

146 4105 294 4271 tdudtpe3
307 4109 388 4175 adeo
402 4127 436 4174 ut
450 4103 516 4174 haec
534 4104 642 4201 planta
654 4105 735 4172 inter
750 4098 879 4198 frigidas
895 4098 1029 4170 minimd
1044 4095 1197 4172 censenda
1211 4104 1367 4189 videatur,
1381 4128 1415 4174 ut
1428 4104 1501 4175 vul-

167 4225 231 4270 arts
284 4222 346 4270 rto
369 4225 448 4271 mro.
935 4253 937 4257 ,

146 4227 167 4301 g
194 4300 275 4366 Hoc
294 4229 406 4389 utidue
425 4294 561 4391 exempli
585 4293 661 4390 loco
680 4291 871 4391 protulimus
894 4316 930 4364 ut
945 4291 1147 4365 manifestum
1159 4290 1213 4366 fiat
1230 4294 1504 4390 viresplantarum

146 4414 183 4465 ex
196 4386 340 4487 analyli,
358 4388 379 4458 si
401 4389 507 4460 minda
520 4413 689 4475 accurate,
709 4385 818 4469 saltem
835 4388 931 4488 longe
950 4388 1119 4488 perfediius
1137 4391 1239 4484 quarn
1259 4414 1297 4459 err
1323 4391 1506 4460 ductorum

146 4485 320 4559 traditione
334 4484 512 4598 exploratas
534 4483 641 4554 haberi
662 4477 778 4580 polle„
808 4507 918 4580 uaeque
943 4508 977 4555 ut
1004 4484 1124 4580 frigidae
1142 4485 1300 4553 interdum
1323 4480 1505 4570 habentur,

147 4580 340 4681 plerumque
364 4585 444 4650 inter
467 4581 632 4650 calidiores
654 4577 762 4648 referri
783 4512 910 4653 ll'cbent.
935 4583 1025 4653 Nam
1047 4579 1160 4676 plantae
1183 4585 1215 4649 in
1239 4576 1354 4673 quibus
1378 4575 1506 4646 uberior

148 4676 191 4744 est
202 4673 313 4772 liquor
325 4685 437 4746 acer&
457 4671 661 4770 sulphureus,
675 4672 716 4742 sal
730 4670 807 4744 fixus
818 4731 827 4760 ,
840 4675 901 4745 olei
918 4676 1029 4748 itidem
1043 4686 1147 4773 major
1162 4678 1275 4772 copia,
1291 4697 1358 4742 non
1371 4670 1505 4743 dubium

153 4769 193 4844 est
214 4793 298 4869 qum
316 4768 551 4868 intalidiorum
567 4766 660 4842 censu
677 4765 737 4842 suit
755 4770 955 4870 reponendae.
1295 4867 1323 4936 K

384 4885 388 4893 ·
1333 4885 1358 4932 ι
