3646 5430
295 343 631 427 ncADEMIAE
688 349 1029 431 HISTORIA.
1071 354 1195 432 [inl.
1379 363 1430 455 ‘'41

62 446 207 524 inclinati
234 440 466 519 affedlionibus
490 471 565 521 ante
588 447 809 521 demonstratis
835 449 971 523 ostendit
996 452 1042 524 D.
1064 452 1104 523 de
1125 452 1304 530 Roberval.
1446 452 1529 523 Me·

14 608 18 628 ,
101 552 163 620 Vl.
186 541 525 642 Amplioresquoque
550 565 636 616 rotas
658 542 835 616 mitioribus
852 543 991 645 praeferri
1013 569 1163 646 oportere
1184 547 1233 619 his
1254 551 1429 629 rationibus
1445 544 1561 611 ‘Wl-

63 643 201 723 osttndit
216 647 264 713 D.
286 643 395 726 Buot,
414 640 503 734 quod
529 640 591 712 illae
608 650 730 735 malote
749 639 794 710 sui
811 663 899 740 parte
914 637 1019 713 solum
1041 664 1205 741 tangant,
1222 670 1263 716 ne
1290 671 1328 717 ue
1348 651 1429 723 adeo
1446 661 1495 713 u.

62 740 126 813 ta'm
146 737 215 809 alti
229 741 265 806 in
282 755 404 806 terram
434 733 619 806 molliorem
636 757 690 808 aut
716 733 883 809 arenosam
903 731 1093 810 descendant
1120 767 1128 808 ε
1154 741 1239 810 unde
1260 671 1314 812 deu
1341 745 1430 817 mol-

61 835 119 907 lius
133 833 173 904 sit
191 830 326 917 solum,
344 825 402 945 feu
419 828 575 943 lapidilpus
595 828 633 902 fit
647 828 792 1000 affetum
807 888 818 920 ,
834 855 906 946 turn
934 841 1038 929 major
1065 827 1148 904 obex
1173 842 1350 932 opponitur
1370 847 1431 912 mi·

62 956 143 1099 ἷὶἵὶἱ
155 949 672 1122 ἱῗὲῖέιῗὲἶῗῖοἶῗέἒοῖζίιςὲᾭ
685 926 1429 1127 allqffllitiliilfflllssill

60 1127 263 1194 anteriorem
277 1118 462 1202 connectit,
477 1121 607 1213 majoris
619 1116 657 1190 srt
670 1114 776 1191 molis.
808 1116 935 1190 Sicubi
962 1117 1032 1192 saxa
1050 1142 1244 1209 occurrunt,
1266 1147 1304 1194 ea
1325 1136 1429 1221 majus

58 1217 209 1289 afferunt
219 1211 500 1312 impedimentum,
516 1238 585 1310 quo
596 1214 729 1313 angulus
744 1213 797 1287 ille
817 1214 861 1284 est
876 1220 1018 1313 apertior
1031 1272 1042 1304 ,
1055 1214 1209 1311 atqueilli
1221 1215 1329 1291 obices
1342 1225 1428 1320 aegrd

59 1309 258 1411 superantur.
281 1306 368 1380 Illud
379 1316 446 1402 jam
458 1306 522 1379 fuit
536 1304 737 1380 observatum
752 1307 935 1410 longiorem
951 1306 1148 1385 allevedem
1160 1316 1195 1382 in
1207 1322 1328 1408 majore
1341 1340 1426 1405 rota,

64 1417 103 1482 &
120 1414 188 1478 vim
200 1399 482 1476 iliius-fortiorem.
513 1405 614 1477 Unde
628 1402 650 1473 fi
667 1429 737 1503 pars
753 1408 833 1477 radii
848 1405 869 1475 d
882 1427 1015 1493 centro,
1028 1404 1081 1478 stu
1094 1409 1116 1478 d
1127 1405 1274 1479 modiolo
1293 1434 1371 1484 rotae
1384 1415 1426 1485 ad

65 1500 719 1692 ilriffi‘lisslsiim‘lliiiu
731 1498 1115 1687 illilflffiliitliz
1126 1524 1197 1696 {¹1:¹3
1205 1501 1426 1702 iiiipiissssss

59 1700 163 1804 tentia
179 1750 190 1782 ,
214 1716 289 1854 rippa
303 1689 362 1858 ppt
378 1688 613 1788 aequilibrium:
629 1716 727 1791 quare
740 1696 832 1764 roua
845 1689 1012 1792 paululum
1025 1697 1057 1769 vi
1068 1695 1206 1766 motrioe
1218 1693 1425 1771 refiilentiam

61 1813 141 1861 trum
158 1815 240 1862 neoe
265 1811 285 1858 e
351 1844 361 1862 .
1407 1816 1411 1825 ·

105 1893 189 1958 vll.
214 1888 294 1956 Hoc
307 1881 412 1984 ipsum
430 1879 491 1953 alia
508 1886 634 1955 tatione
648 1884 877 1957 demonstravit
896 1889 943 1959 D.
968 1889 1125 1983 Hugena,
1144 1889 1178 1956 in
1201 1890 1253 1956 via
1268 1881 1424 1962 salebrosa

58 1990 90 2056 dt
106 1979 252 2054 filicibus
263 1973 373 2077 aspera
390 1983 458 2048 vim
475 1976 566 2048 illam
579 2036 590 2068 ,
603 2005 669 2077 qua
683 1977 817 2051 trahitur
832 1985 941 2052 minor
960 2002 1032 2051 rota
1041 2037 1053 2070 ‚
1071 1979 1133 2052 elie
1149 1985 1184 2052 in
1205 1985 1330 2054 ratione
1348 1979 1423 2056 sub·

60 2079 153 2177 dupla
167 2079 314 2148 diametri
326 2076 458 2172 majoris
472 2094 548 2143 rotae
563 2078 603 2146 ad
617 2081 750 2148 minoris
768 2077 973 2152 diametrum.
1023 2095 1026 2100 ’

55 2236 60 2245 .
102 2179 201 2247 vul.
220 2176 300 2242 Hoc
315 2175 430 2267 utique
448 2174 490 2243 D·
519 2173 677 2242 Mariotte
738 2169 888 2244 rtabulas
905 2168 1031 2243 sinuum
1049 2172 1191 2246 confecit
1209 2207 1219 2263 3
1236 2173 1315 2246 illud
1334 2202 1421 2274 quo·

60 2295 120 2370 que
134 2269 269 2364 subjecit
282 2270 317 2338 in
326 2264 397 2337 solo
411 2262 546 2336 arenoso
554 2290 609 2339 aut
623 2196 735 2339 luendae
747 2269 836 2366 quod
855 2289 932 2338 rorae
946 2291 1113 2365 penetrant
1126 2279 1160 2341 dt
1174 2271 1420 2366 quodammodo

58 2363 242 2467 persecant,
259 2368 422 2434 minorem
437 2384 543 2432 rotam
561 2361 655 2435 altius
672 2364 803 2461 quidem
819 2360 943 2448 subire,
960 2360 1013 2430 sed
1036 2367 1071 2432 in
1091 2363 1226 2460 longum
1244 2371 1349 2439 minus
1369 2365 1421 2441 st-

61 2487 130 2532 oare
148 2462 259 2550 3unde
277 2453 440 2552 utriusque
456 2454 525 2527 fere
540 2482 631 2555 aequa
649 2454 721 2528 sunt
740 2457 977 2541 incommoda,
995 2479 1071 2524 cum
1093 2452 1198 2527 solum
1221 2457 1350 2531 firmum
1375 2463 1420 2533 est

60 2555 115 2628 sub
129 2558 203 2628 luto
217 2576 275 2625 aut
288 2576 395 2623 arena.
412 2553 507 2647 Qod
523 2549 644 2626 fienim
658 2549 816 2650 pteffione
828 2547 959 2620 tanttlm
970 2573 1072 2619 arena:
1082 2546 1227 2621 firmetur
1237 2606 1248 2637 ,
1260 2576 1334 2623 cum
1359 2563 1421 2626 mi-

59 2677 122 2722 nor
133 2675 210 2723 rota
224 2647 319 2720 altius
330 2642 434 2718 subeat
447 2646 541 2718 inilar
558 2653 651 2719 cunei
665 2653 815 2719 acutioris
828 2705 837 2734 ‚
848 2644 931 2743 aegrd
942 2645 1118 2716 admodum
1127 2670 1165 2717 ex
1177 2669 1272 2716 arena
1283 2672 1338 2719 aut
1348 2649 1421 2723 luto

61 2742 94 2817 se
115 2747 249 2846 expedit,
292 2743 389 2841 Qud
402 2741 426 2813 st
440 2740 548 2814 obices
561 2740 620 2814 sint
636 2747 769 2815 minoris
782 2744 961 2828 momenti,
976 2738 1087 2837 quales
1104 2735 1176 2813 sunt
1192 2738 1347 2818 arborum
1365 2771 1421 2818 ra.

58 2842 141 2914 muli
158 2847 217 2938 qui
226 2837 440 2939 franguntur,
460 2836 629 3131 autjlkra
642 2864 713 2935 quae
727 2863 871 2912 rotarum
893 2839 1035 2933 pondere
1054 2843 1343 2931 comminuuntur,
1378 2846 1419 2917 ad

58 2937 225 3037 explicatas
246 2933 370 3032 regulas
384 2933 534 3032 referrip
583 2957 659 3020 unt,
687 2943 721 3006 dt
745 2937 857 3006 eadem
871 2931 1196 3030 pentrationesolvi.
1231 2936 1300 3006 Sub
1331 2940 1418 3012 idem

56 3053 179 3131 tempus
196 3037 239 3106 D·
256 3028 372 3105 Picard
390 3055 462 3127 quz
474 3027 512 3102 fit
551 3054 683 3130 equanae
698 3029 862 3106 declivitas
881 3026 903 3099 d
920 3030 994 3100 vico
1010 3053 1043 3102 v.
1059 3029 1171 3122 Effone
1190 3031 1352 3107 Lutetiam
1367 3031 1420 3107 us·

57 3152 117 3224 que
131 3127 254 3229 scripto
265 3125 405 3201 tradidit.

478 3464 777 3550 CAPUT
873 3468 1008 3551 111.

63 3688 109 3759 De
129 3676 268 3798 Eclipst
284 3678 432 3771 lunari,
457 3699 530 3786 qu
550 3677 699 3786 contigit
716 3672 775 3753 die
800 3677 865 3758 26.
898 3673 993 3752 Maii
1013 3694 1105 3751 anna
1136 3670 1245 3752 1668.
1272 3661 1335 3745 ubi·
1370 3663 1414 3748 de

414 3790 570 3900 scientia
591 3788 853 3900 longitudinum
864 3811 1050 3904 perpauca.
1126 3865 1129 3868 ,
1476 3798 1485 3821 ’

56 4000 84 4068 1.
199 3995 235 4059 le
257 3992 310 4062 26.
325 3988 602 4057 Maiianni1668.
620 3986 704 4053 circa
720 3983 836 4055 huram
851 3979 1020 4054 secundam
1033 3981 1053 4052 d
1064 3976 1170 4051 media
1181 3975 1299 4065 nocte,
1310 3975 1413 4078 eclip-
1430 3977 1545 4070 Asirr.

206 4081 243 4156 fit
259 4089 356 4157 Lunae
368 4087 400 4151 in
416 4104 528 4158 monte
551 4083 737 4176 Martyrum
751 4104 872 4177 magno
885 4079 989 4149 studio
1007 4084 1041 4150 δι
1059 4100 1134 4147 cura
1156 4071 1218 4142 fuit
1234 4071 1411 4148 observata.
1427 4078 1529 4144 nomi.

56 4199 120 4268 Hic
139 4183 238 4256 locus
250 4180 375 4253 selectus
388 4175 475 4268 fuit,
492 4176 580 4272 quod
594 4170 784 4248 sublimisstt
798 4197 918 4270 ,atque
934 4198 972 4245 ex
984 4170 1118 4243 colibet
1135 4189 1241 4268 pateat
1259 4173 1291 4239 in
1302 4192 1410 4239 ortum
1429 4195 1477 4239 ca.

57 4288 184 4361 Solis&
201 4272 349 4350 ocotsutn
366 4267 560 4373 prospedius.
599 4270 765 4344 Omnibus
778 4270 1013 4356 instrumentis,
1030 4265 1124 4337 horol
1170 4266 1208 4333 iis
1229 4317 1240 4349 ,
1265 4262 1348 4334 tubis
1367 4269 1410 4336 ed

56 4384 150 4482 pridie
167 4377 383 4475 comportatis
393 4428 404 4457 ‚
416 4373 544 4442 initium
557 4366 747 4442 defedionis
755 4365 835 4436 hora
850 4389 932 4440 2.12.
942 4391 987 4438 m.
997 4392 1055 4460 47.
1065 4357 1145 4458 srpo
1184 4360 1320 4429 mediam
1332 4385 1412 4430 noe.

55 4502 115 4553 tem
130 4477 296 4569 incepit,
321 4492 398 4538 cum
419 4491 494 4540 ante
517 4469 595 4539 odio
608 4462 694 4534 horae
707 4466 832 4533 minuta
847 4458 1023 4558 penumbra
1044 4467 1111 4554 jam
1136 4454 1192 4526 sub
1204 4450 1412 4550 corispeilum

54 4572 190 4646 veoilstt.
210 4561 345 4643 Umbra
358 4587 448 4637 terrae
461 4569 603 4662 primum
620 4562 716 4631 Lunae
728 4554 823 4629 subiit
833 4555 970 4629 limbum
980 4550 1168 4627 orientalem
1179 4555 1261 4622 circa
1270 4552 1413 4637 lucidum

52 4669 126 4748 illud
135 4669 297 4770 pundium
314 4660 403 4757 quod
414 4656 591 4731 Aristarchi
602 4660 735 4728 nomine
748 4651 909 4754 designare
925 4653 1045 4751 placuit
1056 4642 1285 4721 recentioribus
1301 4643 1413 4713 Astro-

57 4773 177 4861 oomia5
191 4785 266 4841 tum
276 4759 439 4864 patuerim
449 4755 563 4831 lutiam
577 4756 616 4833 ad
628 4756 741 4829 decem
754 4747 854 4852 usque
869 4751 986 4851 digitos
1001 4745 1154 4832 obduxit,
1167 4736 1417 4903 noanroculait⁸
