3646 5430
421 381 765 462 ternanta
807 387 1329 474 ntsrontrnnv.
1391 338 1395 351 ⁸
1478 400 1537 499 tn

169 473 425 577 mdiopettuso
440 519 450 574 3
468 484 540 584 poli
553 511 586 558 η
606 484 700 556 horas
712 486 857 557 detraslo
868 484 1040 585 emplastro
1053 548 1064 580 ,
1079 497 1162 564 Betae
1173 491 1274 582 folia,
1295 519 1366 567 tum
1387 491 1533 570 bardane
1550 492 1650 562 Ana·
1793 514 1797 521 ·

167 571 286 736 ispiciens
296 574 378 651 folia
387 601 476 678 parte
487 578 536 669 sui
557 581 637 655 tetfi
652 581 880 681 applicantur,
902 579 1017 680 quibus
1037 586 1180 685 velicaea
1196 589 1375 664 ranunculo
1391 597 1533 668 excitata
1549 607 1626 686 tom.

205 690 335 749 nantur.

226 769 273 837 D.
292 767 332 838 de
351 771 382 844 la
397 777 481 848 Hire
494 771 555 846 sibi
567 796 683 847 notum
697 767 758 847 else
775 780 822 847 ait
842 771 968 849 senatis
992 797 1196 877 patronum,
1215 787 1273 880 qui
1299 782 1418 884 sapone
1433 789 1535 859 utinrr

167 860 257 959 aqui
274 869 344 939 vini
363 871 487 944 ardenti
508 893 602 944 antea
613 867 741 960 infuso,
760 877 882 946 circum
898 895 1024 973 partem
1039 873 1192 951 affluam
1206 881 1240 950 in
1256 905 1384 952 corona:
1396 881 1533 957 modum

167 952 240 1031 boc
255 967 431 1037 temedium
444 968 598 1070 applicat.

227 1057 271 1126 D.
285 1059 423 1161 Galloys
436 1063 522 1136 aliud
536 1068 713 1138 remedium
731 1092 770 1138 ex
782 1066 893 1140 illustri
909 1073 1018 1166 equite
1032 1073 1078 1142 D.
1093 1069 1232 1167 Temple
1261 1068 1371 1169 Anglo
1403 1070 1533 1146 desum-

167 1168 268 1247 ptum
280 1160 438 1250 protulit:
456 1159 581 1232 muscus
600 1163 645 1232 est
661 1166 782 1235 indicus
796 1169 852 1258 qui
865 1168 999 1264 inpatte
1016 1164 1133 1237 allesta
1150 1167 1340 1240 incenditur.
1367 1172 1435 1239 Hic
1445 1189 1533 1238 trac·

167 1252 348 1324 canssinter
357 1253 559 1328 miscellanea
568 1256 662 1354 hujus
673 1265 790 1358 equitis
804 1256 970 1350 inseritur,
983 1256 1071 1359 isque
1084 1261 1129 1330 ita
1138 1257 1533 1351 inscribitut,‘l'entatnina

167 1340 212 1412 de
225 1349 340 1415 Moxa
349 1349 497 1423 adversus
514 1352 666 1427 morbum
679 1356 898 1432 articularem.

172 1535 181 1550 “
228 1442 274 1510 D.
302 1448 420 1519 Morin
434 1448 520 1518 aliud
537 1446 634 1548 longe
646 1448 771 1531 facilius
783 1452 916 1543 attulit,
931 1475 1046 1527 notum
1058 1449 1116 1523 srbi
1133 1453 1356 1528 aithominem
1368 1453 1534 1555 quisalvid

169 1557 207 1606 tn
221 1540 356 1613 modum
368 1541 444 1616 tbaei
454 1549 629 1644 praeparati
638 1551 736 1622 utitur
748 1571 785 1622 ut
794 1546 921 1623 dolores
932 1548 1027 1623 sedet.

229 1637 319 1708 Huic
330 1640 448 1711 morbo
462 1638 606 1713 abstemii
616 1649 721 1715 minus
731 1645 804 1717 lunt
815 1645 958 1731 obnoxii·
1596 1675 1603 1685 ‘

232 1733 322 1804 Cum
335 1735 374 1806 de
382 1741 498 1834 angina
511 1731 615 1808 sermo
632 1737 824 1829 baberetur,
851 1742 941 1839 quod
959 1743 980 1816 a
1000 1745 1108 1844 ptimo
1123 1742 1205 1816 olim
1227 1745 1363 1840 Reginae
1381 1743 1533 1815 Christia-

170 1825 309 1900 nillinrae
322 1832 487 1931 Chirurgo
504 1837 549 1904 D.
566 1836 695 1922 David,
708 1835 805 1935 paulo
817 1859 891 1910 ante
901 1861 1110 1939 acceperam,
1124 1834 1287 1938 proposui.
1313 1842 1417 1911 Nidus
1426 1840 1469 1908 eli
1481 1840 1533 1910 hi·

167 1924 402 2095 mndinisloleo
413 1951 470 2002 aut
485 1934 605 2002 recenti
614 1928 733 2030 butyro
745 1931 887 2007 imbutus
896 1987 909 2023 ,
920 1940 979 2033 qui
1003 1940 1036 2008 in
1058 1938 1194 2010 modum
1209 1932 1441 2034 cataplasmatis
1458 1956 1536 2033 gut-

166 2038 235 2092 tun
249 2046 268 2092 a
326 2047 441 2105 icatur,

219 2121 266 2192 X.
329 2125 360 2194 ie
379 2151 408 2218 15
421 2126 506 2194 Maii
523 2127 569 2197 D.
581 2123 624 2196 du
636 2131 766 2226 Verney
778 2124 850 2195 data
871 2123 1040 2200 occasione
1052 2153 1111 2200 nos
1119 2129 1306 2216 admonuit,
1316 2131 1350 2199 in
1361 2126 1537 2203 Germanid

165 2213 348 2312 anguillam
362 2243 495 2320 parvam
510 2219 553 2292 stc
575 2219 657 2293 tubo
679 2229 784 2296 vitreo
795 2228 917 2318 aptari,
937 2246 972 2295 ut
986 2219 1202 2322 mictoscopio
1217 2221 1340 2322 sanguis
1354 2223 1397 2297 ab
1412 2227 1539 2296 arteriis

167 2313 214 2389 ud
224 2336 321 2385 venat
337 2320 372 2388 in
386 2313 469 2414 pelle
481 2340 624 2389 remeare
641 2319 795 2392 videatur·
827 2321 876 2390 D.
889 2318 1092 2392 Tournefort
1104 2321 1188 2391 idem
1202 2317 1270 2390 sere
1282 2319 1424 2417 conspici
1437 2324 1482 2390 ait
1499 2323 1537 2392 in

165 2409 314 2481 auricula
328 2416 395 2483 vivi
413 2412 555 2484 cuniculi
570 2463 580 2491 ‚
596 2411 674 2486 ctlm
688 2416 820 2486 oculum
836 2418 918 2486 inter
942 2416 1100 2507 &lumen
1125 2417 1275 2485 diurnum
1297 2417 1510 2514 interponitur
1524 2441 1535 2485 e

166 2501 226 2577 sed
242 2501 306 2591 hoc
321 2504 425 2609 ipsum
437 2531 546 2608 aperte
560 2510 704 2598 incotde
717 2513 931 2582 ranaeintueri
949 2509 1051 2597 licet,
1071 2533 1109 2584 ut
1131 2517 1177 2586 D.
1200 2509 1243 2580 du
1259 2516 1388 2605 Verney
1408 2509 1538 2582 testatus

165 2602 243 2677 est:
264 2603 350 2675 idem
363 2613 396 2678 δε
407 2609 451 2690 D·
471 2608 569 2702 Mety
581 2629 621 2677 ex
638 2603 807 2678 occafione
818 2602 892 2677 libri
906 2605 945 2677 de
964 2605 1164 2703 Chirurgicir
1177 2601 1419 2702 operationibus
1441 2660 1453 2692 ,
1478 2607 1537 2701 qui

166 2722 284 2771 recens
323 2701 462 2771 redierat
480 2705 514 2771 in
527 2700 655 2788 lucem,
668 2701 900 2775 confirmarunt
912 2699 1044 2774 vulnera
1062 2725 1135 2798 qua
1154 2706 1253 2773 rarius
1270 2720 1444 2787 curantur,
1470 2700 1536 2773 boc

163 2788 269 2867 citius
288 2725 388 2868 linari
408 2823 418 2868 r
439 2819 515 2869 nam
535 2802 589 2868 a'e‘r
609 2803 646 2869 iis
659 2794 789 2871 infestus
802 2799 848 2870 est
861 2801 1021 2885 maxime,
1035 2821 1139 2894 eaque
1158 2820 1225 2869 tarn
1234 2792 1390 2962 operose,
1406 2803 1440 2869 ὅ(
1457 2791 1496 2867 sae
1519 2821 1539 2870 e

167 2886 289 2989 frustra
302 2892 449 2965 mundari
462 2894 664 2966 existimant:
685 2918 761 2966 nam
775 2893 920 2991 quadam
932 2890 1021 2963 velut
1040 2893 1176 2980 crustula
1194 2913 1250 2964 aut
1276 2894 1468 2962 inimentum
1504 2919 1540 2965 e-

166 2987 310 3061 trahitur
325 2989 413 3085 quod
425 3013 545 3061 natura
555 2989 634 3061 utile
646 2991 690 3061 est
700 3014 735 3064 ut
750 3012 858 3060 earnes
873 2989 1044 3084 disjunctas
1055 2988 1259 3086 conglutinet
1267 3044 1279 3077 ,
1291 2992 1324 3057 dc
1337 2982 1459 3057 ablatae
1470 2987 1539 3059 res-

167 3089 280 3161 unat.
318 3088 439 3180 Neque
450 3084 528 3156 illud
543 3087 796 3184 pratereundum
817 3085 941 3155 videtur
967 3085 1060 3180 qnod
1077 3090 1123 3162 D.
1145 3080 1281 3180 Galloys
1297 3079 1464 3153 admonuit
1483 3084 1537 3155 die

171 3182 211 3271 iq
223 3181 318 3279 Junii
331 3184 459 3251 Patrem
479 3180 694 3281 Zylrrovvsri
708 3187 840 3254 nomine
862 3182 1033 3252 Societatis
1048 3177 1126 3280 Jesu
1142 3177 1305 3253 Polonutn
1329 3181 1364 3247 in
1387 3175 1536 3250 Philoso-

168 3275 251 3379 phil
270 3297 371 3375 nuper
382 3277 469 3350 editi
480 3283 561 3350 inter
574 3279 636 3350 alia
654 3279 693 3350 de
704 3276 823 3349 morbo
836 3298 934 3370 quern
953 3275 1070 3349 Poloni
1084 3275 1202 3374 plicam
1216 3268 1401 3375 appellant,
1421 3275 1455 3342 id
1463 3278 1536 3345 ani*

168 3374 398 3459 madentem,
414 3374 503 3469 quod
517 3369 573 3446 sub
589 3378 717 3446 initium
730 3369 873 3445 morbisr
889 3373 991 3445 crines
1001 3367 1204 3458 resecentur,
1224 3373 1302 3468 agri
1325 3372 1408 3438 coeci
1424 3364 1504 3442 fiant
1518 3419 1533 3457 ‚

167 3492 243 3543 non
261 3471 339 3542 item
355 3466 377 3538 st
393 3472 426 3538 in
443 3471 550 3540 morbi
567 3469 792 3542 declinatione.

180 3565 183 3569 ’
222 3570 256 3636 Χ
267 3566 294 3636 l.
326 3569 389 3637 Die
403 3591 439 3649 ¹9
455 3566 549 3661 Junii
563 3572 609 3639 D.
621 3566 660 3635 de
677 3563 708 3634 la
718 3569 801 3638 Hire
817 3560 974 3636 inseslum
986 3560 1158 3633 delinearat
1171 3557 1261 3661 quod
1287 3560 1334 3634 D.
1357 3557 1533 3658 Hombetg

122 3671 125 3681 '
167 3665 207 3749 in
217 3658 397 3732 cochenilla
407 3684 587 3760 repererat,
604 3657 720 3759 species
740 3661 786 3732 est
801 3660 947 3758 quadam
962 3654 1113 3746 scarabei.

176 3827 182 3837 ,
221 3757 361 3830 Novum
378 3781 476 3854 genus
491 3780 595 3829 eruca
608 3779 744 3830 exeunte
761 3753 867 3828 mense
879 3752 1061 3853 Septembri
1075 3759 1271 3841 ,dcineunte
1283 3751 1426 3827 octobri
1437 3748 1478 3823 ab
1491 3778 1533 3826 eo
1679 3774 1682 3779 ·

170 3853 238 3933 fuit
251 3848 477 3941 observatum,
498 3861 588 3945 cujus
604 3850 1005 3951 descriptionemexhibuit
1015 3850 1066 3921 die
1083 3875 1111 3942 ¹3
1133 3847 1334 3926 Novembris
1346 3849 1460 3921 exacto
1482 3855 1536 3924 in.

171 3950 341 4026 duriatum
354 3971 571 4045 tempore,ac
582 3949 674 4022 fimul
686 3955 711 4021 is
728 3949 897 4022 admonuit
920 3943 1036 4018 inseila
1059 3947 1204 4018 volatilia
1225 3948 1368 4017 maxima
1384 3971 1423 4017 ex
1446 3970 1535 4044 parte

172 4069 315 4147 quatuor
327 4036 429 4115 subire
442 4051 663 4133 mutationes,
680 4044 768 4116 velut
787 4044 924 4118 totidem
947 4038 1231 4140 metamorphoscs.
1277 4045 1422 4115 Primum
1447 4047 1537 4113 enim

179 4142 183 4148 ’
196 4169 274 4217 arva
290 4137 361 4211 sunt
376 4165 460 4228 ova,
475 4165 546 4213 tum
561 4167 704 4231 vermes,
721 4139 833 4214 deinde
845 4138 994 4223 aurelia,
1016 4162 1086 4234 qua
1099 4138 1228 4208 tandem
1240 4136 1297 4209 alis
1307 4136 1457 4228 instruite
1471 4161 1537 4207 vo·

171 4172 243 4320 iant
254 4263 291 4310 ut
311 4234 424 4308 musca
438 4245 472 4310 &
485 4237 681 4335 papiliones,
696 4261 836 4336 quotum
849 4233 990 4306 formam
1002 4232 1138 4304 induunt
1154 4256 1267 4304 eruca.
1292 4236 1332 4304 Et
1348 4254 1456 4303 tamen
1471 4256 1536 4302 no·

170 4363 255 4411 vum
271 4331 459 4406 illuderuca
471 4357 570 4430 genus
585 4333 641 4405 has
663 4336 859 4407 mutationes
884 4354 952 4402 non
970 4325 1054 4402 subit
1070 4385 1081 4415 ,
1098 4331 1247 4424 quamvis
1263 4330 1412 4399 erectiori
1428 4324 1537 4398 forma

172 4432 374 4532 bombycem
392 4432 560 4506 mediocris
579 4432 806 4528 magnitudinis
828 4430 964 4498 omnino
978 4422 1121 4510 referat,
1143 4422 1283 4524 pilorum
1307 4419 1401 4517 plane
1418 4421 1463 4493 eli
1477 4446 1536 4492 ex-

174 4553 260 4628 pers.
303 4526 403 4624 Qod
417 4548 525 4594 autem
540 4522 760 4617 observatione
772 4523 906 4621 dignum
916 4515 1313 4614 videtut,ejusmodietuca
1325 4517 1369 4587 cst
1380 4523 1536 4613 vivipara‚

174 4624 266 4722 quod
279 4629 313 4694 in
326 4622 417 4693 nullo
430 4622 495 4692 alio
509 4644 625 4719 genere
640 4641 806 4690 erucarum
815 4618 859 4689 est
871 4612 1085 4688 observatum.
1110 4621 1153 4689 D·
1170 4616 1209 4686 de
1230 4613 1261 4685 la
1275 4614 1357 4683 Hire
1368 4621 1401 4686 δι
1414 4622 1481 4705 ejus
1494 4610 1536 4680 fi.

170 4722 237 4801 lius
256 4720 362 4818 plures
383 4717 475 4810 hujus
489 4720 613 4816 generis
624 4739 732 4786 erucas
746 4719 845 4784 muris
857 4712 1051 4784 adhaeremes
1064 4712 1235 4796 viderunt,
1259 4729 1331 4803 quae
1346 4705 1442 4780 scetus
1462 4703 1535 4778 sitos
1563 4741 1569 4751 ·

173 4817 342 4915 ediderunt
355 4837 422 4923 {¹¹¹⁰
437 4822 473 4916 dt
486 4815 603 4916 ⁶⁰d⁶¹¹i
614 4833 787 4913 tempore,
803 4813 891 4906 nque
903 4831 960 4906 per
971 4802 1093 4925 officia
1105 4803 1314 4919 nacionum
1329 4827 1458 4909 magno⁸
1473 4826 1538 4889 οφ,
