3646 5430
148 449 283 606 ppgpaotpa
303 344 477 537 oblonga?
488 346 601 516 lillis}
612 345 897 532 bstldfnsalllubf
906 350 1187 535 giikcfastutlllln
1199 357 1334 522 1elxlfimis
1358 449 1498 548 pactibus
1517 450 1630 554 Phystfj

148 621 151 631 .
263 561 298 604 m
318 534 413 605 instat
426 535 558 611 fornicis
571 535 777 610 concrescant
796 540 971 630 indurata,
991 543 1069 616 dum
1094 548 1260 616 interiores
1281 552 1316 617 dt
1334 542 1501 618 molliores
1515 573 1563 627 ca·

148 650 246 736 partes
259 628 371 700 itidem
392 631 551 705 exsiccata
564 631 772 704 exterioribus
784 636 1014 725 adhetescunt,
1032 662 1130 737 atque
1145 645 1165 712 a
1178 660 1290 710 centro
1301 640 1342 711 ad
1361 644 1501 713 circum·
1563 631 1568 642 ’

148 728 310 795 arentiam
323 748 481 820 promotae
500 726 521 800 s
535 732 635 800 atium
648 732 732 800 intus
747 755 887 802 vacuum
904 731 1102 829 relinquunt.
1124 739 1178 806 Sic
1191 733 1294 807 caules
1309 736 1501 810 &caudices

148 819 286 924 litpium
302 875 313 906 ,
328 842 400 914 quae
410 757 585 897 medullam
599 827 684 893 intus
701 826 901 914 recondunt,
914 834 947 897 dt
963 836 1100 916 majores
1112 830 1325 926 quarumdam
1344 828 1497 904 arborum

150 912 256 984 utculi
270 915 365 984 inflat
379 918 532 990 tuborum
547 941 751 992 excavantur.
787 923 888 1015 idque
904 919 1184 994 vetiffimillimum
1200 923 1244 995 est
1260 921 1352 996 fibras
1367 948 1405 994 ex
1419 932 1496 1022 qui.

148 1032 198 1079 sus
217 1031 348 1079 truncus
363 1000 420 1082 ilss
430 1011 626 1086 coalescebat
640 1036 716 1084 cum
732 1015 827 1086 arbor
842 1038 929 1095 etat,
947 1015 1005 1087 ubi
1015 1015 1205 1115 lapidesuctc
1222 1021 1378 1117 incepit,
1410 1025 1497 1094 intus

148 1106 315 1174 ‚trinacrius
328 1101 429 1178 fnisse.

192 1197 346 1270 Alterum
366 1199 457 1293 hujus
476 1204 588 1298 lapidis
604 1204 821 1306 fragmentum
847 1210 984 1277 omnino
1002 1206 1047 1275 est
1064 1204 1229 1281 consimile
1248 1216 1331 1308 parti
1346 1207 1493 1283 inferiori

148 1300 265 1382 runci,
282 1299 342 1391 qui
367 1293 447 1393 ligni
468 1322 615 1373 naturam
643 1298 840 1387 conservat,
862 1299 1016 1371 fibrarum
1036 1300 1235 1398 capillacium
1254 1307 1364 1376 eadem
1388 1307 1432 1376 en
1458 1310 1494 1379 in

148 1390 243 1462 adice
267 1391 435 1467 struflura.
465 1400 510 1466 Ex
524 1395 640 1493 quibus
654 1398 685 1469 id
701 1393 841 1466 efficitur
860 1393 945 1466 hanc
969 1399 1141 1492 genuinam
1167 1394 1228 1472 ell'c
1245 1399 1323 1496 ligni
1346 1407 1378 1471 in
1408 1400 1497 1500 lapis

148 1487 209 1559 lem
223 1485 486 1575 conversionem,
507 1516 577 1586 quae
586 1491 663 1563 crim
678 1516 716 1561 ex
731 1488 839 1562 multis
856 1489 939 1576 aliis,
952 1513 1023 1563 turn
1036 1514 1075 1559 ex
1088 1514 1130 1560 eo
1142 1496 1230 1587 quod
1245 1499 1266 1566 a
1281 1502 1318 1568 P.
1327 1496 1369 1565 du
1382 1496 1490 1569 Chatz
1510 1548 1515 1553 -

148 1577 341 1653 tbservatum
351 1581 414 1654 fuit
428 1590 461 1653 in
473 1583 559 1655 libro
572 1612 614 1658 eo
625 1587 694 1687 ipso
707 1608 794 1656 anno
805 1586 924 1657 editol
937 1591 972 1658 P.
991 1590 1108 1682 Govye
1120 1584 1379 1660 observationum
1401 1591 1491 1689 l‘hy.

148 1671 271 1746 icarum
285 1685 319 1747 δι
339 1679 644 1752 Mathematicatum
656 1739 667 1770 ,
678 1678 862 1752 confirmari
874 1681 988 1778 potest.
1002 1686 1033 1750 Is
1041 1685 1129 1750 enim
1142 1683 1272 1756 testatur
1286 1682 1421 1756 fluvium
1433 1693 1491 1781 qui

148 1765 254 1841 trbem
267 1775 379 1843 baran
392 1779 425 1845 in
439 1801 472 1849 te
496 1798 539 1844 no
552 1780 630 1848 Avae
644 1774 827 1876 preterfluit
841 1831 851 1861 ,
869 1799 926 1873 pet
946 1802 984 1847 10
998 1775 1161 1845 leucarum
1173 1774 1308 1873 spatium
1326 1804 1398 1849 eam
1419 1787 1489 1854 vim

148 1861 256 1936 tabere
265 1889 300 1937 ut
311 1868 397 1964 ligna
411 1874 445 1940 in
460 1802 530 1939 ista
542 1893 731 1956 convertat,
744 1878 777 1942 dt
794 1894 925 1969 magnas
940 1868 981 1940 ab
994 1893 1034 1940 eo
1046 1862 1125 1938 visas
1135 1870 1264 1944 arbores
1272 1875 1313 1944 ad
1326 1873 1488 1947 summum

148 1954 336 2073 isqueaquae
356 1961 599 2061 lapidescente-s,
614 1990 689 2038 curn
709 1988 812 2065 partes
829 1962 1317 2063 quaeexstabant,&exs1ccaoe
1334 1967 1488 2061 fucrant,

148 2079 214 2151 igni
229 2079 380 2131 suturam
395 2082 574 2131 retinerent.

183 2157 227 2224 Χ.
263 2159 376 2227 Paucis
389 2156 459 2254 post
472 2155 581 2227 diebus
601 2161 645 2233 D.
656 2159 695 2229 de
707 2156 908 2230 Toumefott
924 2157 1062 2254 fungum
1073 2182 1175 2258 nuper
1188 2159 1223 2228 in
1235 2159 1326 2233 trabe
1340 2160 1486 2237 Abbatiae

148 2250 167 2322 ἰ.
182 2253 340 2320 Germani
356 2273 517 2346 repertum
534 2275 644 2325 coram
658 2253 824 2341 exhibuit,
846 2253 930 2325 illius
953 2254 1107 2325 strufiura
1121 2258 1212 2326 Attis
1225 2254 1360 2351 publicis
1373 2258 1487 2333 meniis

148 2347 218 2414 tlaii
239 2347 420 2418 Academia
439 2343 553 2417 inserta
569 2350 612 2419 est
626 2346 780 2444 &liguris
794 2374 832 2419 ex
857 2347 941 2418 rella-
981 2352 1065 2442 Qtae
1083 2355 1167 2421 circa
1188 2348 1283 2441 hujus
1304 2350 1396 2450 fungi
1415 2359 1485 2425 imo

148 2449 294 2511 'ecorum
307 2447 454 2512 omnium
469 2447 527 2536 qui
548 2437 660 2541 sponte
682 2439 766 2513 nasci
783 2375 929 2512 viffntut
951 2447 1207 2539 procreationem
1232 2447 1482 2536 animadvertit,

148 2560 164 2604 t
181 2537 308 2608 erudita
323 2533 536 2608 dissertatione
558 2535 713 2639 exposuit.
737 2543 775 2606 ln
789 2560 854 2631 qua
866 2543 966 2608 varias
976 2560 1014 2608 ea
1030 2535 1069 2605 dc
1081 2552 1115 2607 te
1135 2561 1157 2606 o
1179 2541 1353 2609 inionesex
1395 2543 1482 2612 ndit:

149 2655 213 2700 um
225 2629 283 2700 alii
294 2653 329 2701 ut
338 2629 458 2728 plantas
472 2657 606 2721 omnes,
632 2632 674 2704 stc
696 2631 832 2730 fungosi
843 2630 1043 2717 seminibus,
1069 2630 1125 2702 alii
1152 2564 1265 2729 sponte
1283 2565 1421 2727 qualfm
1444 2659 1485 2706 ex

148 2729 232 2797 ettis
244 2725 490 2825 uaturaelegibus
512 2727 675 2825 plerasque
692 2728 810 2825 stirpes
822 2735 857 2798 dc
875 2722 993 2890 fungos
1015 2730 1172 2823 imprimis
1183 2733 1332 2825 ,generari
1351 2734 1481 2826 opinen-

148 2844 196 2894 ut.
232 2824 350 2891 lucam
363 2843 471 2893 tamen
486 2820 562 2891 ferri
577 2819 763 2894 sententiam
777 2825 922 2918 magisvi
946 2844 1035 2905 etur,
1056 2844 1093 2892 ut
1113 2821 1288 2892 multarum
1311 2823 1480 2922 stirpium,

150 2941 171 2986 e
184 2913 362 3010 fungorum
376 2917 502 2987 occulta
515 2914 575 2986 effe
587 2919 706 2990 semina
720 2919 876 2988 existimet
892 2939 900 2985 t
916 2940 991 2987 cum
1008 2920 1041 2987 in
1057 2917 1210 2986 nascentis
1221 2916 1315 3015 fungi
1329 2943 1365 2989 ca
1388 2918 1481 2992 itello

148 3036 192 3082 tm
205 3014 352 3083 striarum
366 3017 553 3083 minutiores
572 3012 705 3083 lamellae
723 3013 803 3082 adeo
822 3010 980 3108 regulares
994 3032 1187 3108 appareant,
1211 3034 1248 3084 ut
1273 2945 1481 3111 complicatas

148 3128 234 3179 atses
245 3107 473 3178 tantummodo
494 3106 601 3175 evolvi
613 3106 877 3178 verisimillimum
893 3105 1060 3192 videatur,
1081 3103 1168 3177 secus
1182 3111 1270 3177 enim
1294 3130 1398 3206 partes
1425 3134 1481 3182 ca-

148 3201 229 3275 ittlli
246 3198 402 3272 informes
421 3205 515 3271 initio
527 3201 593 3272 fere
607 3226 643 3273 ut
656 3209 689 3272 in
710 3203 778 3274 rudi
796 3203 894 3273 statua
907 3257 918 3288 ‚
932 3225 1032 3300 quam
1044 3198 1158 3273 artifex
1178 3201 1332 3301 paulatim
1344 3203 1480 3292 saturat,

148 3317 319 3398 ppatetent
335 3352 345 3382 ,
370 3322 436 3367 non
446 3302 480 3366 in
493 3298 579 3367 strias
590 3322 656 3370 tam
671 3301 745 3397 apti
765 3298 927 3370 distincta.

173 3392 396 3488 Neque-illud
408 3418 466 3462 nos
478 3392 518 3461 ab
531 3416 566 3461 ea
584 3390 737 3465 sententia
753 3396 916 3465 dimovere
928 3390 1021 3462 debet
1040 3448 1051 3480 ,
1077 3393 1169 3489 quod
1212 3418 1287 3464 rana
1302 3417 1342 3464 ex
1361 3392 1479 3487 quibus

148 3494 220 3585 ungi
232 3492 380 3559 oriuntur
393 3544 403 3575 ‚
416 3512 482 3557 non
494 3511 688 3585 appareant,
702 3489 733 3557 id
746 3492 834 3557 enim
848 3493 883 3558 in
894 3487 1003 3556 multis
1016 3486 1133 3582 plantis
1155 3419 1212 3559 nib
1227 3494 1328 3572 venit,
1340 3510 1478 3581 quatum

148 3592 249 3655 unina
274 3603 349 3652 ante
373 3587 539 3653 inventum
560 3582 815 3678 Microfcopium
835 3581 1004 3651 oculorum
1020 3585 1122 3651 aciem
1143 3588 1280 3652 omnino
1299 3581 1476 3678 fugiebant.

148 3684 182 3748 ic
190 3702 312 3751 veteres
325 3700 479 3775 negarunt
496 3675 587 3749 filicis
601 3674 703 3748 ullum
720 3699 826 3748 extare
842 3673 968 3749 semen:
985 3697 1061 3745 cum
1076 3674 1155 3746 illud
1168 3681 1203 3745 in
1217 3680 1362 3746 animum
1385 3673 1477 3746 suum

148 3773 278 3842 munem
290 3798 356 3842 non
376 3771 498 3871 pollent
515 3795 643 3844 tenuem
655 3772 746 3846 illum
761 3771 948 3869 pulverem,
969 3792 1037 3868 quo
1051 3793 1123 3867 pats
1134 3771 1228 3866 hujus
1240 3769 1354 3867 plant:
1392 3771 1477 3842 oste-

148 3870 199 3936 ior
209 3864 425 3964 conspergitur
441 3923 452 3953 ,
470 3865 575 3939 semen
597 3868 681 3939 illius
699 3865 785 3957 eile3
818 3865 870 3938 sed
896 3892 993 3965 grana
1013 3863 1070 3935 illa
1102 3865 1239 3965 pulueris
1255 3797 1478 3962 Microlcopio

148 3957 194 4033 da
207 3986 274 4034 non
288 3961 392 4032 solum
405 3961 475 4033 sunt
494 3964 607 4060 planta
619 3960 755 4049 semina,
768 3988 879 4034 vetum
897 3968 995 4036 etiam
1009 3959 1097 4056 quali
1110 3958 1241 4061 capsula:
1260 3960 1368 4033 multis
1383 3967 1478 4032 inter·

150 4082 209 4129 um
224 4057 367 4157 granulis
389 4056 523 4133 referta.
554 4060 691 4157 idipsum
703 4064 742 4131 de
760 4062 848 4132 Ruta
865 4064 1028 4146 murana,
1048 4061 1087 4128 de
1098 4061 1252 4149 Linatia,
1273 4056 1478 4158 Polypodio,

148 4176 236 4250 ngua
244 4160 383 4243 cervina,
394 4153 576 4252 opbiglollo
588 4153 769 4228 confirmat.
1096 4160 1102 4171 '

172 4255 266 4345 Qin
284 4261 319 4325 δι
341 4252 523 4324 Corallium
543 4256 625 4321 inter
642 4251 765 4347 plantas
781 4256 801 4326 ὲ
820 4248 977 4350 plerisque
992 4267 1098 4320 rtrum
1111 4251 1303 4322 naturalium
1316 4247 1478 4350 scriptori-

148 4371 183 4418 us
205 4343 384 4419 recensetur
401 4375 410 4419 t
436 4372 495 4418 nec
515 4344 697 4417 abhorret&
715 4348 877 4419 verisimili
895 4345 976 4417 illud
995 4341 1053 4414 suo
1066 4342 1184 4416 semine
1196 4347 1383 4420 instructum
1402 4344 1474 4433 elle,
1539 4392 1547 4408 ·

148 4469 202 4516 um
218 4447 253 4513 in
273 4449 367 4514 variis
383 4470 439 4515 cor
462 4440 570 4514 oribus
588 4466 657 4537 quae
687 4445 707 4514 ὲ
736 4439 837 4515 fundo
856 4446 952 4514 maris
972 4464 1147 4526 emuntur,
1171 4446 1274 4538 prima
1296 4437 1384 4510 velut
1408 4448 1476 4532 ejus

148 4543 217 4612 titia
233 4549 268 4613 bt
286 4539 373 4635 quasi
390 4471 533 4610 incboati
543 4535 640 4608 festus
652 4533 777 4609 adnasci
790 4540 980 4629 videantut3
999 4535 1140 4633 illudque
1158 4534 1387 4605 'admodumcst
1401 4560 1477 4632 pro·

148 4634 230 4709 abile
240 4635 300 4707 hos
311 4635 399 4708 velut
414 4632 635 4728 embtyonesd
652 4628 821 4706 seminibus
840 4635 992 4732 prodire,
1016 4657 1086 4728 quat
1098 4632 1148 4700 lac
1160 4633 1333 4701 caudicum
1352 4637 1386 4703 ὅ(
1403 4653 1477 4704 acte

151 4729 299 4836 globulis
315 4737 372 4871 qtgi
386 4731 581 4837 summitates
592 4751 755 4804 ramorum
765 4753 948 4831 occupant,
965 4725 1104 4832 decisum
1116 4726 1254 4824 reliquit.

1095 4830 1101 4842 '
1208 4823 1336 4933 Qiij
