3646 5430
378 359 726 438 ACADEMIAE
779 365 1109 445 HISTORIA.
1139 375 1255 449 Lra.1.
1469 403 1525 472 ¹37

200 461 356 534 Interioris
369 458 455 530 oculi
468 457 661 530 membrana
670 462 901 559 queinavibus
915 471 1048 538 &omni
1065 465 1388 542 fermeanimantium
1419 497 1512 546 mere
1542 468 1629 559 ffist.

181 555 217 628 sed
228 551 350 627 diversa
369 558 493 721 ἵξις
515 562 548 628 de
563 555 719 627 stmdiura
738 563 917 655 reperitur,
937 559 1106 634 substantia
1122 587 1239 636 cornea
1265 588 1346 663 pene
1367 496 1418 638 ess
1436 595 1445 640 r
1470 533 1524 643 hic’
1542 567 1638 635 anim·

179 656 342 752 precipuui
363 659 392 745 ej
474 651 576 721 idetur
597 649 667 722 usus
692 675 728 724 ut
753 677 905 725 corneam
935 654 1094 755 abstergat
1122 659 1315 744 &humore
1336 665 1523 737 idemtidem

175 749 352 846 perfundat,
367 769 407 817 nc
417 740 571 817 exsiccata
590 746 698 819 minds
719 747 886 848 pellucear.
908 751 1008 823 Unde
1024 750 1149 825 homini
1168 753 1311 828 &smne
1328 759 1412 829 deest
1433 818 1443 846 ‚
1467 767 1525 855 qui

173 844 309 916 manibus
331 839 460 942 possunt
482 841 593 913 oculos
614 845 777 919 mundate.
817 846 853 914 Id
861 851 949 917 enim
963 842 1062 918 efficit
1079 849 1266 921 membrana
1277 854 1364 945 quod
1378 852 1526 929 homines

171 939 333 1027 mnibus,
359 962 395 1008 ut
415 933 528 1032 siquid
542 938 680 1035 pulveris
693 938 778 1010 oculi
790 932 892 1036 globo
908 939 1069 1013 adhaeserit
1089 1002 1099 1031 ,
1119 946 1151 1013 id
1171 944 1365 1016 membrana:
1382 974 1444 1045 ope
1466 951 1525 1021 de·

167 1057 317 1200 pergatur.
347 1030 491 1197 Talrnepsr
506 1035 538 1102 id
559 1032 665 1197 pprstea
682 1033 844 1200 fuitbdlD.
861 1037 904 1106 du
922 1044 1053 1136 Verney
1066 1036 1269 1152 observatum
1290 1043 1323 1109 in
1341 1044 1526 1158 quadrupe.

167 1132 458 1324 alburgis
473 1134 1527 1319 llrr‘daldssmldafftPdidfflffllildfflsllz

147 1348 208 1416 <ex
227 1326 266 1392 iia
290 1341 434 1392 manante
453 1317 704 1415 perfunderetur.
742 1326 781 1392 Et
794 1324 925 1417 quidem
946 1323 1058 1394 duetus
1081 1257 1237 1420 glandula
1261 1325 1464 1422 lachrymalis
1491 1335 1524 1399 in

168 1416 301 1488 homine
314 1415 396 1488 ultra
412 1411 598 1511 glandulam
623 1439 689 1485 non
709 1417 926 1513 producitur,
955 1441 991 1490 ut
1011 1425 1045 1489 in
1062 1418 1175 1491 avibus
1195 1478 1205 1506 ,
1230 1421 1285 1492 ubi
1314 1423 1354 1493 ad
1380 1427 1525 1497 medium

169 1513 265 1607 usque
276 1516 436 1582 interioris
453 1507 610 1608 palpebrae
624 1517 787 1598 excurrit,
806 1520 840 1585 ἃ
859 1509 915 1584 sub
935 1539 973 1584 ea
995 1514 1158 1610 liquorem
1170 1515 1307 1589 effundit
1324 1522 1358 1587 in
1372 1541 1525 1591 corneam
1645 1585 1648 1590 Α

170 1608 242 1678 dum
255 1605 414 1706 palpebra
431 1610 459 1676 it
471 1607 617 1701 teditque
640 1604 767 1702 singulis
788 1631 869 1705 pene
891 1615 1078 1682 momentis.

214 1709 279 1778 xl.
304 1707 390 1773 Haec
405 1698 533 1798 quidem
547 1703 585 1771 de
599 1700 728 1771 historia
744 1708 852 1773 arium
865 1708 1061 1779 anatomica.
1103 1710 1185 1803 Qrae
1212 1729 1320 1777 autem
1334 1713 1367 1779 in
1379 1733 1525 1782 extremo

166 1823 261 1898 opere
287 1794 456 1889 subjicitur
478 1821 529 1866 ma
553 1821 601 1866 ιιι
624 1797 807 1869 Testudinis
829 1822 868 1869 ex
891 1801 983 1872 India
1012 1802 1178 1873 Orientali
1207 1804 1346 1874 advedlae
1375 1829 1526 1878 accurata

165 1891 336 1993 descriptio
356 1822 562 1963 commodils
579 1889 711 1964 forsitan
727 1897 760 1962 in
783 1917 858 1964 eum
869 1892 981 1966 locum
992 1894 1068 1968 esl'et
1089 1899 1280 1990 rejicienda,
1296 1899 1351 1971 ubi
1365 1901 1526 1993 agendum

167 1997 221 2063 etit
236 1989 281 2059 de
304 1989 369 2060 hoc
382 2010 499 2084 genere
520 1990 708 2059 animalium
726 2013 796 2085 qua
815 1990 964 2063 dicuntur
986 1989 1176 2088 amphibia,
1205 1997 1293 2089 quod
1321 1999 1355 2066 in
1379 2019 1461 2068 terra
1492 2005 1528 2068 δε
1551 1988 1561 2007 ’

167 2111 244 2182 aqua
263 2085 406 2184 degant3
431 2090 463 2154 in
486 2081 679 2155 antecessum
703 2107 811 2156 tamen
829 2109 986 2182 perpauca
999 2109 1039 2155 ex
1058 2090 1096 2157 iis
1143 2112 1188 2158 ua
1208 2093 1242 2158 in
1267 2093 1360 2185 hujus
1382 2091 1528 2164 animalis

168 2179 428 2252 conformatione
443 2177 515 2248 sunt
536 2176 788 2250 consideratione
800 2179 897 2277 digna
907 2181 996 2254 velut
1007 2186 1047 2260 in,
1057 2111 1189 2254 tranlltu
1201 2179 1418 2283 subjiciemus.

600 2509 898 2609 CAPUT
995 2514 1130 2596 ΙΙΙ.

710 2735 765 2802 De
795 2722 992 2803 Testudine.

173 2936 198 3003 Ι.
214 2937 307 3108 H
325 2938 382 3003 AEc
408 2934 551 3007 Testudo
570 2955 709 3032 quatuor
730 2931 823 3028 pedes
835 2929 956 3030 longa,
976 2930 1108 3028 squama
1123 2953 1279 3030 tanquam
1293 2929 1528 3029 clypeodupli-

324 3035 356 3100 ci
372 3035 496 3100 murrita
510 3054 576 3102 erat
587 3086 598 3115 ,
610 3052 713 3125 eaque
730 3050 768 3096 ex
783 3031 878 3097 variis
901 3026 1042 3124 partibus
1057 3031 1140 3097 inter
1165 3027 1196 3099 se
1210 3024 1382 3098 atstiffimb
1402 3049 1527 3097 conne-

170 3127 212 3194 xis
232 3127 429 3224 εοιιιριᾶι,
449 3151 520 3220 quac
536 3131 592 3196 uni
612 3124 765 3197 &eidem
785 3119 844 3192 olsr
860 3126 1005 3193 interiori
1028 3118 1117 3216 quasi
1137 3127 1247 3195 cranio
1268 3122 1393 3193 cuidam
1419 3120 1528 3191 eohae.

170 3218 289 3291 rebant
337 3223 488 3313 Squama
501 3221 561 3291 illae
577 3227 659 3318 ignis
673 3218 779 3290 calore
801 3215 842 3289 ab
864 3214 928 3289 offe
942 3216 1052 3292 divelli
1071 3241 1223 3317 poterant
1236 3273 1245 3297 ,
1260 3226 1294 3291 ἃ
1309 3216 1467 3315 pleraque
1485 3243 1526 3288 ex

169 3318 203 3384 iis
218 3312 359 3412 figuram
413 3339 589 3412 magonam
612 3313 802 3387 referebant.
843 3318 973 3411 Caput,
992 3315 1117 3386 humeri
1131 3373 1140 3403 ,
1154 3314 1285 3385 brachia
1305 3368 1315 3396 ,
1336 3335 1425 3381 crura
1439 3333 1526 3382 extra

170 3411 282 3481 restam
297 3339 473 3522 prodibant
491 3411 573 3508 pelle
587 3409 700 3511 rugosa
718 3419 750 3482 δι
773 3409 912 3506 granulis
927 3408 1047 3506 aspera.
1070 3409 1244 3480 Labiorum
1256 3405 1348 3504 pellis
1363 3428 1443 3502 pene
1455 3431 1529 3475 cor.

169 3529 227 3575 nea
240 3513 276 3577 dc
297 3506 395 3576 mstat
414 3501 501 3576 serrae
518 3504 613 3579 incisa
633 3541 642 3595 3
660 3505 777 3605 pedum
797 3507 890 3600 digiti
918 3500 1023 3598 longis
1049 3502 1208 3598 unguibus
1238 3521 1366 3571 tanturn
1389 3499 1529 3569 distineri

169 3598 367 3698 apparebunt
386 3626 425 3671 ex
445 3626 580 3699 utraque
616 3624 683 3673 arte
693 3592 856 3681 discretis,
875 3595 1046 3692 posteriore
1060 3593 1189 3665 tantrlm
1207 3616 1314 3690 ungue
1327 3594 1440 3660 innixae
1458 3596 1527 3687 pri.

173 3693 265 3767 mrim
280 3694 374 3766 lento
395 3700 494 3793 gradu
509 3703 578 3769 ince
601 3715 679 3780 unt,
694 3715 763 3764 tum
780 3696 976 3790 proximo&
990 3696 1035 3761 ita
1052 3688 1198 3787 deinceps
1209 3687 1376 3784 separatim
1394 3689 1526 3757 incum-

175 3788 282 3862 bentes
293 3794 471 3863 rotundum
488 3794 602 3891 pedem
618 3795 711 3863 instar
725 3812 801 3858 rotae
816 3792 1036 3886 circumagunt
1049 3842 1061 3875 ‚
1082 3793 1116 3856 dt
1138 3789 1294 3885 unguium
1308 3786 1463 3872 interra,
1488 3808 1525 3858 ut

178 3884 341 3954 clavorum
355 3910 488 3961 manent
500 3883 647 3988 impressa
659 3886 800 3982 vestigia.

227 3979 335 4050 Cauda
348 3979 440 4054 insui
455 4007 599 4056 extremo
618 4006 686 4053 erat
702 4004 843 4067 cornea,
861 3979 931 4076 post
948 4002 1089 4052 mortem
1104 3976 1146 4049 fic
1167 3982 1358 4063 incurvata,
1380 4000 1416 4049 ut
1436 3981 1526 4063 nulla

176 4078 210 4147 vi
227 4075 316 4149 fleur
331 4085 480 4173 potuerit.
498 4082 617 4152 Eadem
628 4073 882 4149 inflexibilitasin
893 4074 1093 4146 maxillarum
1113 4067 1264 4144 musculis
1282 4095 1427 4168 reperta,
1443 4100 1524 4168 qua-

176 4197 250 4243 rum
272 4194 314 4242 ex
336 4175 502 4248 Aristotele
522 4181 569 4248 vis
588 4176 632 4245 est
645 4175 795 4244 maxima.
829 4173 937 4267 Caput
961 4195 1066 4266 parva
1085 4170 1246 4240 testudinis
1263 4190 1466 4265 amputatum
1482 4169 1524 4242 src

178 4264 320 4340 maxillas
334 4293 387 4368 per
403 4267 615 4342 semi-horam
631 4262 819 4352 collidebat,
844 4287 879 4335 ut
895 4266 1060 4361 strepitum
1076 4265 1249 4361 quemdam
1270 4264 1386 4333 ederet.

227 4360 307 4437 offe
319 4365 467 4437 interiori
480 4392 547 4461 quo
558 4360 676 4437 viscera
688 4366 893 4433 continentur
906 4353 993 4430 sebio
1007 4418 1018 4447 ,
1033 4359 1218 4432 membrana
1245 4382 1316 4454 qua
1337 4356 1525 4436 inferiorem

182 4457 247 4531 offis
258 4482 383 4558 partem
403 4457 582 4556 succingit,
599 4485 670 4558 quae
697 4483 735 4528 ue
752 4460 916 4553 peritonaei
936 4464 970 4527 &
991 4457 1168 4552 pleuritidis
1190 4459 1276 4526 vices
1293 4454 1387 4539 obit,
1404 4465 1526 4528 ventri-

183 4555 286 4641 culus,
303 4557 473 4644 intestina,
498 4565 585 4651 jecur
606 4567 640 4630 dt
662 4487 724 4627 allia
748 4551 866 4625 viscera
888 4560 922 4623 in
943 4551 1150 4654 conspedium
1168 4573 1334 4620 venerunt.
1378 4551 1468 4645 Jecur
1490 4557 1524 4625 in

182 4648 318 4722 dextram
337 4658 370 4724 &
394 4649 547 4723 sinistram
564 4677 712 4750 partem,
731 4675 802 4745 quae
821 4651 908 4721 velut
930 4648 1048 4722 isthmo
1074 4649 1216 4747 quodam
1241 4703 1251 4732 ,
1275 4647 1357 4713 inter
1385 4642 1416 4713 le
1441 4669 1522 4717 con·

184 4747 291 4836 iundlae
305 4768 421 4837 eraut,
440 4744 599 4838 divisum,
615 4748 736 4847 duplici
757 4772 845 4821 venre
869 4769 952 4818 cavae
977 4768 1124 4832 trunco,
1155 4741 1275 4844 duplici
1298 4738 1409 4910 itidepn
1434 4766 1526 4815 ramo
