3646 5430
262 119 328 188 216
571 106 764 181 REGlAE
810 96 1268 175 SClENTlARUM

120 235 220 308 A„
258 210 345 283 hone
365 206 464 276 urinae
479 205 637 276 extinctus
658 196 702 272 t'st
728 233 738 288 3
764 204 790 271 is
812 193 854 268 ab
869 203 958 266 omni
972 192 1209 293 disciplinarum
1228 218 1344 291 genere
1362 218 1401 268 ac
1423 196 1608 274 Mathema-

120 336 195 407 1⁶8·
224 288 233 309 ⁸
258 311 331 379 titis
355 305 511 399 imprimis
526 300 718 381 instruam,
739 322 804 366 non
820 288 886 365 sola
908 292 1181 389 contemplatione
1207 314 1375 365 contentus
1396 350 1408 383 ,
1430 291 1519 365 lianc
1538 320 1608 373 cuni

183 382 214 406 ‘⁸
258 398 315 473 usu
339 409 371 472 dc
394 393 667 467 observationibus
687 390 810 486 semper
831 393 997 482 conjunxit
1021 446 1031 474 ,
1057 392 1102 457 uti
1123 411 1162 456 ex
1184 383 1277 482 ipsius
1299 381 1461 485 opusculis
1477 415 1548 486 φιτ
1566 396 1611 463 in·

259 521 307 569 ter
323 490 559 566 lucubrationes
582 491 850 560 Academicorum
868 483 1049 580 posthumas
1069 507 1155 555 anno
1184 482 1368 571 1693sunt
1386 489 1499 571 edita,
1519 510 1613 584 atque

259 618 298 664 eii
323 596 360 660 iis
387 613 457 683 quae
481 592 514 657 in
540 587 583 656 liti
598 611 633 654 us
653 586 757 681 operis
771 577 902 652 decursu
928 579 1115 665 attulimus,
1141 576 1235 649 facile
1248 580 1423 676 colligitur.
1454 584 1553 654 Unus
1577 585 1614 656 de

258 711 349 759 terrae
362 679 557 756 dimensione
570 682 721 753 tractatus
739 735 748 763 ,
763 703 838 748 cum
864 678 983 744 viveret
998 731 1008 760 ,
1023 675 1124 744 editus
1145 672 1207 743 fuit
1223 731 1233 760 ,
1250 673 1329 746 alter
1348 679 1417 774 post
1438 687 1508 772 ejus
1526 705 1614 750 mot.

260 807 330 855 tem
349 807 434 851 auno
460 785 542 872 1684
568 780 606 848 dc
632 800 698 846 arte
716 772 876 844 libellaudi
896 768 1018 870 publici
1034 775 1109 861 juris
1122 769 1225 840 ladius
1239 772 1284 840 est
1303 828 1312 857 ,
1336 774 1368 842 id
1380 797 1500 873 agente
1519 779 1566 847 D.
1579 775 1619 845 de

260 878 291 949 la
315 883 407 948 Hire·
446 881 527 969 Qae
550 882 630 945 iuter
646 870 727 942 illius
747 868 869 939 clitrtas
897 890 1025 954 repertae
1043 861 1115 935 sunt
1140 863 1428 958 elucubrationes,
1458 867 1482 939 st
1527 894 1621 945 aucae

259 977 422 1066 exceperis
447 996 517 1066 qua
538 971 577 1040 td
602 967 843 1038 Astronomiam
866 964 1039 1062 sprdhaiit,
1068 961 1226 1032 inchoatae
1255 968 1355 1062 magis
1373 991 1477 1063 qaum
1493 895 1622 1037 absolo-

261 1091 301 1140 tae
325 1089 426 1140 erant.
451 1073 501 1136 [ae
516 1090 622 1137 tamen
637 1060 763 1156 publica
782 1058 851 1130 luce
865 1062 966 1156 dignae
987 1055 1058 1128 sunt
1080 1060 1234 1150 judicatae.
1267 1062 1373 1151 Hujus
1397 1064 1527 1161 generis
1552 1056 1623 1136 suut

264 1189 335 1258 quae
357 1164 396 1230 ad
419 1163 589 1256 horologia
610 1155 771 1228 seioterica
797 1161 979 1248 pertinent,
1008 1177 1143 1249 queque
1165 1151 1261 1252 longd
1275 1156 1407 1228 edoctus
1425 1182 1467 1229 ex
1510 1159 1633 1236 titud&

262 1260 319 1328 usu
333 1256 479 1327 faciliora
495 1260 675 1329 &certiora
691 1250 782 1321 abeo
796 1248 865 1321 sunt
879 1246 1056 1348 conscripta
1070 1305 1080 1335 ,
1104 1247 1171 1319 baec
1190 1255 1274 1320 notis
1294 1258 1328 1322 δι
1345 1276 1460 1351 exemp
1473 1258 1500 1325 is
1523 1251 1547 1324 ὲ
1577 1263 1623 1332 D.

262 1355 302 1424 de
321 1354 351 1425 la
374 1357 456 1422 Hire
477 1352 627 1423 illustrata
647 1352 680 1418 iri
705 1346 812 1417 lucem
841 1348 1009 1442 prodiere,
1037 1348 1075 1415 iis
1103 1342 1221 1416 omillls
1249 1369 1320 1442 φιτ
1344 1344 1495 1421 assistata
1516 1341 1636 1426 ¹subti-

262 1449 334 1522 litas
363 1458 397 1521 &
423 1448 545 1520 inutilis
568 1441 730 1517 curiositas
752 1445 960 1539 excogitauit.
1004 1445 1067 1511 His
1080 1440 1203 1536 adjecta
1223 1442 1268 1514 est
1289 1438 1520 1541 compendiosa
1540 1498 1553 1534 ,
1572 1446 1635 1523 sual

263 1567 412 1617 accurata
437 1544 475 1614 de
501 1539 692 1642 ponderibus
719 1548 751 1612 δι
781 1533 931 1607 mensuris
951 1538 1131 1624 traditio,
1157 1560 1256 1632 quam
1284 1564 1405 1635 magno
1427 1539 1534 1611 studio
1557 1546 1625 1618 und

263 1664 339 1710 eum
367 1643 410 1706 D.
447 1641 579 1711 Auiout
601 1637 640 1706 ad
660 1634 813 1733 archtypa
838 1628 902 1730 ipsa
926 1655 1084 1731 exegerat.
1123 1634 1176 1701 Sic
1195 1630 1296 1704 ambo
1319 1634 1359 1705 dc
1389 1639 1619 1731 Micromttro,

264 1738 356 1837 quod
388 1735 588 1808 dimetiendis
616 1734 814 1830 planetarum
851 1731 1024 1799 Diametris
1054 1728 1098 1798 cst
1126 1725 1327 1800 utilissimum
1347 1730 1623 1825 instrumentum,

262 1833 425 1903 ediderant
449 1827 750 1902 diil'ertauunculam
780 1849 865 1894 anno
892 1838 971 1912 1667
997 1881 1008 1912 ,
1043 1847 1115 1920 quae
1137 1826 1170 1893 in
1202 1825 1292 1895 dieto
1317 1824 1489 1899 volumine
1509 1830 1628 1905 iterum

264 1928 353 2027 typis
379 1926 530 1997 mandata
551 1925 622 2010 est,
651 1922 741 2017 qubd
766 1923 878 2018 prioris
897 1920 1046 1991 editionis
1069 1917 1259 2017 exemplaria
1274 1918 1333 1993 sint
1354 1925 1492 1999 rariora.
1513 1927 1630 2001 Astro-

264 2027 395 2093 nomica
415 2020 636 2119 problemata,
667 2026 701 2089 δι
724 2013 905 2113 complures
926 2011 1163 2087 observationes
1192 2015 1365 2088 admodum
1390 2017 1487 2092 utiles
1512 2028 1547 2095 δι
1569 2049 1630 2098 ac·

265 2138 382 2187 curate:
404 2123 437 2187 iri
464 2117 549 2188 aliud
573 2137 699 2212 tempus
717 2109 787 2183 sunt
812 2109 915 2180 dilatat
941 2137 949 2183 :
970 2137 1042 2206 quae
1063 2109 1102 2180 de
1123 2106 1300 2210 telescopiis
1318 2111 1502 2209 majoribus
1521 2126 1557 2191 dt
1574 2148 1628 2195 va·

265 2211 314 2282 rid
345 2214 505 2284 vitrorum
530 2207 795 2294 combinatione,
824 2206 862 2278 de
886 2204 967 2280 focis
995 2207 1221 2287 inveniendis,
1245 2209 1342 2282 aede
1369 2208 1531 2310 plerisque
1554 2216 1624 2290 eliis

266 2307 360 2379 rebus
379 2311 544 2408 dioptricis
565 2314 598 2380 dt
627 2305 667 2374 ad
698 2302 789 2374 usum
817 2305 1069 2374 accommodatis
1090 2304 1124 2372 in
1149 2303 1286 2396 disjedlis
1313 2304 1468 2378 chartulis
1497 2309 1619 2384 confusa

267 2425 359 2571 etapnt
372 2413 406 2476 dc
422 2403 613 2492 incondita,
642 2403 688 2474 D.
712 2398 875 2473 Pothenot
897 2397 1020 2498 digessit
1039 2401 1073 2470 in
1093 2400 1239 2470 ordinem
1251 2397 1515 2502 fragmentorum
1533 2408 1622 2483 titulo

269 2522 303 2568 in
319 2524 363 2568 cri
388 2523 431 2572 ta.

323 2599 356 2665 X
367 2528 394 2663 l
422 2600 557 2665 Ineunte
571 2591 635 2661 hoc
651 2613 738 2661 anno
752 2594 798 2663 D.
810 2588 848 2660 de
864 2588 894 2660 la
916 2594 997 2662 Hire
1017 2589 1109 2663 brevi
1120 2599 1153 2664 dt
1166 2590 1303 2690 simplici
1315 2594 1469 2667 methodo
1482 2605 1620 2674 tationes

269 2686 466 2785 compositas
484 2713 523 2759 ex
541 2683 651 2759 iisdem
668 2684 844 2757 rationibus
858 2686 1108 2775 demonstravit,
1126 2711 1195 2784 φιτ
1208 2692 1241 2758 in
1254 2688 1412 2763 tabulariis
1437 2694 1615 2768 Academia

270 2788 501 2870 continentur,
534 2788 581 2856 uti
611 2780 679 2853 aliae
727 2782 848 2851 uaedam
870 2786 1080 2853 Geometiicae
1101 2783 1361 2857 &elementares
1382 2786 1616 2887 propositiones

268 2880 317 2950 Ex
339 2877 455 2975 quibus
473 2879 653 2977 complures
666 2805 834 2948 nascuntur
856 2884 1145 2976 proprietatesque
1165 2877 1319 2950 solvendis
1331 2889 1456 2955 conicis
1475 2881 1620 2958 sectioni·

270 2969 332 3042 bus
361 3000 481 3070 magno
500 2976 568 3046 usui
593 2974 707 3045 fututa
731 2970 802 3043 sunt
823 2999 831 3042 ι
858 2978 968 3045 itaut
997 2978 1209 3046 Geometticae
1224 2975 1512 3051 demonstrationes
1532 3005 1570 3052 ex
1586 2987 1620 3055 iis

270 3066 356 3140 ultra
378 3073 481 3165 qudm
504 3069 588 3142 credi
602 3069 703 3169 potest
722 3068 853 3164 provehi
869 3066 1006 3166 poslint,
1022 3093 1082 3140 nec
1097 3075 1275 3167 quicquain
1289 3071 1333 3143 est
1354 3077 1446 3171 quod
1459 3075 1550 3149 latius
1566 3102 1618 3176 pe·

271 3184 338 3236 tear
353 3169 388 3235 in
403 3169 603 3243 Geomettia.
628 3162 923 3235 Demonstrationes
941 3165 1144 3235 Conicorum
1156 3163 1197 3236 ab
1208 3191 1249 3237 eo
1259 3158 1329 3239 sitiit
1343 3174 1618 3272 continuamqui

271 3267 307 3335 ἃ
322 3259 492 3356 Cyclo‘idis
505 3259 666 3344 cujusdam
679 3285 705 3329 ae
732 3255 850 3330 uabiles
864 3283 971 3331 motus
983 3256 1136 3357 exposuit.

323 3362 418 3429 Xll.
454 3362 501 3432 D.
526 3284 741 3428 Tsehirnoule
790 3359 911 3426 uaedam
927 3354 1124 3427 theoremata
1146 3356 1396 3457 &problemata
1419 3368 1617 3444 Geometriou

270 3449 465 3549 proposuit:
496 3452 676 3546 cujusmodi
700 3453 744 3522 est
766 3380 843 3522 illud
866 3507 876 3537 ,
902 3447 1068 3548 quodlibet
1080 3448 1216 3550 spatium
1236 3452 1318 3525 linea
1333 3462 1545 3538 Geomerrica
1561 3471 1617 3538 cit·

270 3546 500 3642 cunisctiptum
513 3551 651 3619 dimetiri
667 3603 677 3634 ,
695 3569 793 3644 atque
808 3604 817 3637 ,
831 3569 867 3618 ut
879 3546 1076 3643 loquuntur,
1092 3550 1259 3644 quadrare.
1285 3554 1365 3625 lloc
1383 3561 1431 3628 uti
1445 3566 1478 3629 δι
1502 3561 1575 3652 alia,
1586 3581 1617 3633 ut

274 3639 355 3709 milii
374 3641 518 3727 videtur,
537 3642 659 3737 publici
678 3648 754 3734 jutis
774 3639 866 3715 fecit.
1346 3663 1354 3678 “

327 3738 422 3806 Xlll.
452 3739 642 3806 'stadiorum
667 3735 756 3806 suum
778 3739 817 3808 de
838 3739 1044 3808 Gnomonica
1062 3734 1125 3808 hoc
1147 3761 1291 3811 vertente
1313 3769 1399 3817 anno
1416 3744 1496 3845 legit
1519 3750 1616 3825 D.‹b

272 3831 424 3915 lahlite,
448 3831 659 3925 quambrevi
680 3833 750 3930 post
773 3856 919 3931 tempore
940 3838 974 3903 in
995 3831 1102 3903 lucem
1125 3833 1239 3908 emisit.
1275 3842 1440 3914 Novas&
1462 3868 1617 3919 accuratas

270 3923 427 4022 ejusmodi
439 3922 610 4024 horologia
631 3927 818 3999 conficiendi
833 3933 970 4000 rationes
984 3927 1239 4027 complectitur,
1267 3929 1318 4004 sed
1334 3934 1399 4007 hoc
1423 3936 1496 4036 ipso
1516 3967 1617 4031 anuo,

272 4048 341 4116 quo
361 4017 428 4090 hrcc
446 4025 530 4118 typis
544 4022 755 4109 mandantur,
772 4027 943 4096 traslatuin
955 4024 1052 4095 edidit
1075 4024 1115 4094 de
1139 4028 1252 4097 eodem
1275 4053 1467 4128 argumento
1496 4032 1618 4108 brevem

272 4126 307 4193 δι
319 4115 485 4187 ἰιιιοίἰεᾶιι
501 4116 640 4191 facilem.
660 4125 698 4190 ln
711 4141 752 4188 eo
773 4143 906 4216 quoque
926 4143 1119 4217 argumento
1131 4118 1378 4197 versatussuerat
1389 4132 1434 4202 D.
1447 4133 1629 4229 Picatdqui.

270 4235 374 4286 artem
392 4208 553 4284 sciotetica
573 4210 741 4313 horologia
759 4214 936 4286 delineandi
974 4240 1007 4285 er
1022 4213 1180 4288 calculum
1195 4218 1350 4315 exposuit.
1375 4223 1466 4295 Idem
1476 4221 1620 4298 demons-

271 4311 425 4381 trationes
447 4310 619 4409 dioptricas
639 4311 773 4411 protulit
796 4242 993 4384 dimetiendis
1014 4334 1120 4385 terum
1145 4314 1343 4409 objedlurum
1365 4320 1540 4410 diametris,
1580 4344 1622 4395 tiz

269 4429 328 4574 pet
353 4401 468 4480 rubum
492 4411 640 4506 opticum
663 4403 901 4506 conspiciuntur
921 4432 931 4480 ε
958 4431 998 4479 ex
1023 4410 1062 4477 iis
1083 4409 1236 4510 pleraque
1258 4416 1293 4485 iti
1313 4410 1524 4492 miscellaneis
1541 4348 1620 4493 edin

286 4520 357 4576 ωε.
