3646 5430
292 387 349 441 170
543 361 809 434 AREGM!
847 357 1300 432 SCIENTIARUM

160 465 224 535 Ᾱιι
240 492 275 535 n.
293 455 485 527 senimitum
506 456 609 555 Aprili
623 454 714 550 hujus
725 458 800 526 anni
817 481 882 550 450
905 454 1019 553 plantae
1036 453 1183 525 extillatae
1202 451 1319 522 fuerint
1340 509 1351 539 ,
1377 472 1410 522 at
1436 475 1476 523 ue
1492 475 1562 524 uno
1577 477 1635 529 ve*

161 565 251 644 1⁶78,
288 552 336 623 lut
349 549 618 647 conspeetu-quid
639 574 684 620 er
697 573 891 646 unaquaque
909 547 1018 635 planta
1029 572 1089 620 aut
1109 549 1173 619 olei
1190 605 1200 636 ,
1218 569 1274 616 aut
1290 543 1359 617 salis
1378 572 1422 617 vo
1453 547 1521 619 tilis
1542 603 1555 637 ,
1577 571 1634 622 ιιι

223 670 227 679 ·
285 642 338 715 fixi
352 648 503 715 edudium
518 644 634 732 fuerit,
650 645 781 742 planum
797 641 864 716 fiat.
903 643 1044 739 Regulos
1059 668 1190 739 quoque
1205 636 1371 738 proposuit
1392 667 1463 736 quae
1475 641 1548 714 aliis
1572 667 1632 743 ap-

285 746 343 809 tari
359 763 507 836 poterunt
520 734 657 838 plantis,
679 739 763 809 unde
784 746 819 809 δι
853 736 990 808 enetales
1002 737 1147 834 quedam
1164 738 1275 807 'earum
1291 732 1476 808 affeetnnes
1497 760 1555 809 aut
1576 761 1634 809 ex-

285 841 447 931 ceptiones
469 856 638 920 ementur,
656 835 715 930 qui
735 830 826 924 hujus
899 835 961 900 otis
976 828 1098 902 studius
1121 830 1244 902 futurus
1266 829 1311 899 est
1328 826 1425 926 longe
1444 829 1632 904 ubertimoe.

285 931 423 1024 Sapotes
434 931 605 999 intentiote
618 951 693 996 cota
708 931 741 995 in
759 925 905 1026 plurimis
927 923 1041 1022 plantis
1061 926 1231 1023 expendit,
1246 925 1445 1025 quiquidem
1461 924 1631 1024 negligen.

283 1019 380 1091 terab
400 1017 573 1108 Adioribus
585 1015 656 1091 sunt
676 1017 835 1092 obsetvati
857 1044 866 1090 :
891 1026 970 1090 'cum
987 1041 1095 1092 tamen
1115 1019 1195 1090 nihil
1210 1020 1276 1092 fete
1291 1017 1329 1088 fit
1350 1019 1631 1098 utilituadeatum

285 1114 355 1187 usus
370 1111 610 1214 dignoscendos.

332 1217 408 1310 Qu
437 1209 592 1282 methodo
611 1213 647 1280 in
671 1204 791 1306 anaiyfi
814 1211 876 1281 tite
886 1211 1063 1313 peragenda
1081 1211 1235 1282 utendum
1256 1207 1317 1296 fit,
1343 1206 1463 1306 scripto
1489 1209 1631 1287 tradidit.

286 1309 325 1375 In
351 1331 392 1377 eo
416 1306 545 1404 quidem
568 1327 679 1404 ptaetet
698 1301 759 1374 alia
777 1301 879 1374 multa
898 1301 979 1378 scitu
996 1307 1091 1404 digna
1112 1303 1258 1377 observat
1285 1308 1402 1375 mitum
1423 1302 1504 1376 illud
1531 1305 1630 1378 videti

286 1397 433 1488 fruens,
450 1422 486 1471 ut
526 1426 602 1470 oma
619 1408 655 1472 dt
668 1423 793 1495 pruna,
810 1395 928 1495 quibus
939 1396 1116 1487 vescimur,
1133 1398 1214 1469 nihil
1236 1397 1303 1469 fere
1329 1396 1399 1470 ulis
1419 1397 1560 1472 volatilis
1577 1422 1631 1474 aut

287 1495 351 1567 olei
365 1520 421 1595 pet
432 1426 668 1565 disiissationem
679 1491 836 1590 ptaebere:
851 1515 926 1561 cum
945 1491 1123 1564 carbonum
1142 1518 1257 1591 magna
1273 1497 1364 1593 copia
1374 1548 1385 1578 ,
1396 1516 1569 1590 petpetum
1583 1500 1630 1565 ci-

287 1613 401 1663 netum
415 1615 453 1661 ex
471 1593 509 1660 iis
519 1584 647 1687 superfit
660 1585 763 1679 {illud
775 1582 1040 1665 verisimillimum
1058 1586 1139 1674 esseg
1156 1592 1190 1662 in
1204 1584 1393 1662 carbonibus
1411 1584 1552 1659 multtim
1567 1587 1631 1660 olei

286 1680 341 1755 fixi
354 1682 448 1756 iness'e
459 1686 569 1781 quodi
616 1688 640 1754 is
653 1688 685 1753 vi
696 1678 832 1778 separati
851 1685 965 1753 iterra
983 1706 1049 1754 non
1064 1683 1165 1794 potest
1182 1718 1191 1770 3
1208 1680 1258 1753 sed
1273 1705 1380 1753 tamen
1392 1682 1564 1754 ventticuli
1576 1708 1632 1754 ca·

288 1777 338 1848 ior
350 1778 392 1850 ab
404 1778 473 1851 aliis
488 1784 568 1874 parti
593 1803 628 1849 us
646 1777 726 1853 iilud
737 1773 869 1849 secernit
886 1800 895 1844 z
920 1802 997 1850 nam
1008 1781 1040 1849 id
1053 1776 1153 1875 liquet
1166 1776 1286 1850 multos
1297 1775 1445 1849 homines
1458 1780 1498 1849 iis
1518 1774 1626 1850 finei-

284 1870 345 1944 bus
357 1877 457 1946 vitam
468 1872 646 1949 sustentate.
772 1930 777 1940 .

273 2007 277 2031 .·
333 1977 375 2040 V·
411 1972 459 2043 1).·
482 1969 533 2038 du‘
545 1966 627 2040 Clos
644 1967 870 2042 dissertationes
886 1971 925 2042 de
945 1964 1009 2040 sale
1031 2023 1042 2055 ,
1060 1963 1210 2068 sulphure
1231 2023 1242 2053 ,
1264 1972 1379 2055 nitro,
1401 1974 1482 2067 opio
1501 2025 1513 2059 ,
1532 1965 1623 2057 aio'e‘,

286 2062 407 2135 ntittha
420 2086 555 2133 exeunte
565 2061 630 2132 hoc
639 2087 726 2132 anno
744 2061 755 2133 l
795 2068 941 2136 eteintoe
965 2069 1010 2153 it;
1029 2057 1153 2162 spititus
1164 2069 1240 2137 nitri
1250 2059 1398 2135 histebus
1409 2086 1623 2161 omnempeue

285 2158 420 2227 detraxit
430 2157 694 2267 amaritudinem:
708 2086 835 2230 existo
859 2091 977 2232 fatieso
996 2163 1152 2255 gentiana
1171 2156 1285 2256 spiritu¹
1298 2162 1364 2233 vini
1381 2157 1550 2248 anselmo,
1572 2182 1621 2257 pet

285 2272 405 2347 aquam
417 2274 625 2322 commtutetn
643 2274 732 2349 picea
743 2253 888 2347 quedam
904 2259 1035 2325 materia
1053 2258 1245 2352 praecipitata
1258 2251 1332 2325 fuit.
1350 2260 1387 2325 {n
1403 2252 1452 2324 hit
1470 2255 1550 2327 oieit
1561 2279 1623 2325 ma·

285 2368 348 2440 gna
364 2341 434 2417 salis
450 2343 588 2418 volatilis
600 2346 789 2443 copiainest
805 2345 905 2434 ;hine
926 2372 1039 2419 eotum
1057 2343 1318 2434 effervescentia,
1341 2348 1396 2419 ubi
1417 2330 1545 2448 spiritui
1556 2351 1623 2422 uitti

284 2436 481 2512 affunditur:
495 2440 603 2511 oleum
617 2442 750 2537 iuniperi
810 2442 925 2513 {tosto
937 2447 1063 2512 minuta
1072 2438 1232 2515 efferbuit.

330 2541 395 2609 vl.
428 2540 474 2608 D.
489 2534 622 2610 Dodatd
634 2539 705 2610 Nat
728 2541 736 2554 ’
762 2558 774 2606 ι
786 2532 893 2609 bisolii
904 2561 943 2607 tx
957 2540 1187 2609 Promontotio
1206 2534 1298 2610 bonae
1323 2541 1399 2635 Spei
1411 2537 1547 2612 aliatum
1559 2538 1622 2611 bul.

283 2628 361 2700 bum
375 2636 511 2726 aperuit,
525 2635 559 2699 in
571 2653 638 2724 quo
650 2628 745 2703 floret
755 2629 929 2702 admodum
942 2628 1083 2702 exiles&
1095 2629 1244 2702 omnibus
1256 2629 1315 2704 suis
1328 2631 1471 2732 pertibus
1486 2637 1620 2708 intrasti

284 2721 341 2793 visi
354 2721 435 2798 sunt.
456 2729 509 2793 Sic
521 2725 618 2795 ttitici
631 2722 780 2795 tubulum
792 2724 846 2792 die
859 2749 903 2813 ²3·
919 2727 1032 2794 Martii
1044 2723 1166 2795 duabus
1177 2723 1267 2795 lineis
1279 2723 1415 2826 longum
1426 2727 1621 2816 exhibuit,in

283 2840 351 2911 quo
368 2814 578 2916 Mitroseopii
596 2843 658 2917 ope
671 2825 735 2909 jam
749 2817 825 2886 nodi
836 2820 870 2887 in
886 2816 996 2888 culmo
1009 2813 1163 2907 formati,
1182 2815 1267 2918 spica
1285 2830 1477 2920 cumgttoit
1487 2824 1620 2896 nchoa-

280 2914 320 2980 ιιι
332 2909 526 3009 apparebant
547 2939 557 2986 t
583 2910 710 2985 Vertim
731 2912 788 2986 ista
807 2910 848 2984 ad
864 2910 1010 3014 Physicat
1024 2910 1259 2987 observationes
1273 2912 1435 3014 spetiem,
1449 2919 1488 2991 de
1507 2917 1618 3016 quibtu

282 3027 383 3101 pauca
394 3005 487 3077 nobis
498 3006 629 3081 dicenda
641 3006 724 3086 sunt.

739 3335 778 3419 C
790 3334 829 3416 A
854 3320 885 3417 P
906 3340 949 3424 U
974 3337 1014 3417 T
1100 3342 1119 3423 Ι
1144 3344 1178 3428 Ι.

675 3556 731 3626 De
751 3540 896 3654 elpstcis
910 3539 1218 3657 obstinationibus.

238 3736 239 3739 ,
275 3771 302 3839 1·
315 3749 572 3912 TRadiatum
591 3749 631 3818 de
644 3748 724 3821 sono
735 3752 757 3823 d
769 3749 802 3822 se
813 3749 1012 3827 elaboratum
1024 3777 1104 3852 pene
1122 3756 1281 3866 integrum
1298 3755 1375 3855 legit
1391 3766 1438 3835 D.
1463 3758 1611 3848 Pemplt,

397 3845 430 3907 in
450 3845 518 3934 quo
539 3864 650 3911 omnes
669 3840 822 3915 sonorum
835 3847 952 3942 species
974 3859 1008 3921 &
1025 3845 1131 3940 causat
1144 3875 1214 3948 quae
1227 3875 1260 3921 ιιι
1276 3878 1450 3951 corporum
1465 3851 1612 3928 collisu&

274 3933 486 4002 instrumentis
499 3933 625 4006 musicis
640 3961 832 4025 occurrunt,
845 3941 1012 4038 diligenter
1022 3942 1228 4043 persequitur.
1259 3953 1354 4019 Hanc
1370 3951 1612 4025 dissertationem

273 4021 488 4127 interPhysica
500 4033 674 4102 tentamina
683 4033 789 4130 postea
803 4031 906 4106 emisit
915 4042 949 4107 in
960 4037 1066 4112 iucem
1079 4061 1176 4137 atque
1186 4046 1218 4113 in
1233 4038 1390 4115 summam
1404 4052 1611 4121 contraximus

274 4126 386 4197 Tomo
402 4128 461 4193 ΙΙΙ.
484 4119 622 4221 Physttae
637 4133 754 4199 vetetis
770 4136 805 4206 &
820 4153 921 4203 novae·
1135 4142 1139 4152 '

322 4222 377 4292 11.
411 4223 456 4294 D.
480 4220 848 4301 Dodattobsetvationes
864 4221 932 4297 suas
945 4232 1028 4300 circa
1040 4226 1248 4300 inseiifibilem
1262 4230 1527 4332 perspirationtm
1545 4290 1557 4326 ,
1579 4249 1610 4316 α

269 4336 376 4384 tetum
401 4310 528 4386 utilium
545 4318 579 4382 in
597 4313 776 4389 viventibus
795 4317 1029 4397 exhalationem
1053 4323 1208 4420 exposuit.
1248 4330 1333 4397 lntet
1351 4329 1413 4399 alia
1437 4328 1611 4408 metnoea'm

269 4410 363 4501 digna
378 4408 408 4476 id
423 4411 578 4504 competit
588 4464 598 4492 ,
608 4405 767 4508 sanguinis
777 4409 956 4489 missionem
966 4419 1005 4487 ad
1021 4414 1193 4487 sex-decim
1205 4417 1303 4516 usque
1315 4427 1425 4492 uncias
1436 4431 1520 4499 intra
1528 4430 1610 4525 5diet

114 4506 119 4513 '
270 4500 311 4571 fic
324 4501 495 4573 restitutam
509 4499 610 4591 fuisse,
622 4527 657 4575 ut
669 4531 785 4602 corpus
797 4507 960 4605 pristinum
973 4512 1095 4607 pondos
1104 4521 1304 4609 recuperarit.
1316 4519 1487 4613 Jejunium
1495 4548 1536 4593 eo
1542 4549 1608 4623 pet.

269 4598 378 4679 adium
392 4599 491 4669 modo
503 4624 571 4695 quo
589 4599 1018 4697 12ptimis13ccles1aesaeculis
1028 4662 1039 4692 ‚
1051 4605 1239 4678 multdmde
1252 4617 1394 4709 corporis
1408 4618 1549 4711 pondere
1555 4620 1605 4697 de·

271 4696 385 4781 ttaxit,
396 4695 476 4772 adeo
488 4719 523 4773 ut
536 4697 615 4777 osio
632 4704 665 4766 δι
682 4693 822 4800 amplius
833 4693 919 4775 libtat
933 4702 1015 4773 intra
1029 4725 1077 4797 40
1100 4701 1166 4775 dies
1187 4707 1396 4781 imminutum
1416 4706 1519 4791 futtit
1533 4740 1544 4790 t
1559 4711 1605 4792 sed
1653 4770 1659 4786 .
