3646 5430
315 335 661 411 ACADEMlAE
699 335 1026 413 HISTORIA.
1068 339 1222 415 Linvl.
1390 329 1449 431 Π

79 437 138 530 per
151 426 249 504 solani
271 434 493 505 Geometriani
514 455 621 503 recens
639 435 802 503 inventam
819 439 850 502 δι
866 428 988 504 summai
1004 435 1152 506 industria
1175 435 1347 507 tristatam
1364 369 1439 504 assi·
1458 427 1567 496 Geml

81 532 140 621 qui
152 526 233 600 licet
274 533 352 600 Hoc
371 529 466 601 solvit
489 535 534 604 D.
558 526 710 597 Marchio
737 527 777 596 de
806 524 979 625 l'Hospital
995 565 1005 618 3
1022 536 1066 602 D.
1080 531 1211 626 quidem
1234 537 1369 606 Neuton
1392 527 1440 599 illi

79 646 304 718 praeverterat,
321 623 446 696 tametsi
459 621 651 695 solutionem
664 629 730 714 eius
745 646 811 692 non
825 621 980 719 vulgavit,
993 621 1044 695 sed
1057 620 1216 722 specimen
1229 637 1297 719 ejus
1310 650 1346 695 ex
1357 623 1441 718 qud—
1509 619 1516 630 ’

78 716 153 790 dam
167 742 273 789 curvae
296 718 379 791 illius
392 725 586 816 proprietate
604 722 648 788 ita
665 715 807 789 exhibuit
825 775 835 806 ,
853 739 888 788 ut
904 719 941 787 ed
963 722 1001 790 de
1018 743 1051 790 re
1070 718 1214 792 dubitare
1240 747 1306 793 non
1332 719 1437 789 liceat.

79 815 248 911 Siquidem
267 822 313 887 D.
328 816 367 886 de
382 813 554 912 l'Hospital
577 814 660 884 hane
679 812 787 884 statim
808 838 912 885 euruae
924 811 1131 886 affedlionem
1145 819 1178 886 in
1193 818 1289 887 curvi
1307 814 1370 886 ase
1386 820 1439 884 iti·

78 912 176 981 ventd
195 935 212 979 a
237 917 349 997 novit,
362 915 444 982 adeo
457 934 492 981 ut
505 933 640 1005 utraque
653 905 690 977 sit
703 909 826 983 eadem.
869 913 914 981 D.
932 913 1027 981 Facio
1045 909 1109 979 hoc
1125 935 1258 1008 quoque
1273 909 1441 1010 problema

78 1000 197 1091 solvit,
211 935 262 1076 sed
276 1031 331 1104 per
347 1007 508 1077 austadius
525 1005 606 1074 adeo
621 1002 788 1083 difficiles,
805 1028 840 1076 ut
855 1008 1004 1076 circuitus
1021 1004 1074 1075 ille
1096 1012 1141 1080 D.
1161 1010 1200 1078 de
1213 1006 1386 1104 l’Hospital
1398 1006 1441 1076 eb

79 1100 268 1261 idmpuletit,
288 1125 324 1172 ut
337 1108 404 1173 irini
416 1104 536 1199 ingenii
547 1095 594 1170 sui
610 1107 642 1172 de
659 1097 804 1171 methodi
819 1096 1076 1198 perspicuitatem
1095 1103 1134 1174 ad
1155 1129 1227 1176 eam
1245 1129 1314 1176 rem
1333 1107 1441 1173 inten-

103 1218 181 1268 eret.
1086 1234 1089 1238 ’

140 1292 174 1360 ld
198 1299 329 1391 quidem
341 1291 463 1364 constat
480 1317 596 1364 navem
614 1194 691 1362 trgi
704 1312 816 1362 caetera
829 1285 898 1360 sunt
911 1293 1046 1388 aequalia
1059 1349 1069 1378 ,
1084 1317 1251 1389 nunquam
1262 1294 1342 1364 velis
1353 1288 1440 1361 cele·

80 1390 143 1457 rius
164 1390 240 1461 ferri
261 1448 272 1478 ‚
295 1391 351 1461 nifi
369 1413 444 1459 cum
470 1397 625 1482 majorem
649 1385 852 1457 distrahenda
875 1412 964 1483 aquar
989 1386 1177 1460 facilitatem
1199 1415 1236 1460 ex
1251 1387 1352 1486 figuti
1377 1385 1444 1480 ipsi

80 1487 175 1554 nadla
194 1485 298 1559 fuerit.
332 1493 414 1575 Quae
429 1506 538 1553 aurem
552 1480 656 1554 fitilla
676 1479 777 1577 figura
794 1506 960 1576 nunquam
976 1481 1159 1554 innotuisset
1182 1541 1193 1571 ‚
1215 1482 1271 1554 nisi
1298 1493 1444 1558 Geome-

79 1584 140 1650 tria
156 1582 211 1652 illa
230 1578 396 1670 sublimis,
414 1603 484 1674 qua
499 1577 543 1649 ob
557 1581 694 1649 nimiam
709 1573 936 1649 sublimitatem
948 1577 1057 1650 multis
1070 1579 1195 1650 videtur
1208 1580 1339 1670 inutilis,
1352 1576 1445 1653 adhi-

80 1672 149 1746 bita
168 1675 286 1750 fuisset.
773 1710 776 1715 ·
925 1720 928 1725 -

134 1778 147 1840 1
167 1778 193 1846 1.
228 1772 310 1842 Illud
325 1794 457 1870 quoque
470 1771 510 1840 ad
525 1768 786 1843 machinatrieem
802 1770 925 1842 viderur
948 1772 1106 1868 pertinere
1123 1829 1132 1859 ‚
1151 1793 1186 1844 ut
1198 1777 1279 1844 vires
1293 1773 1444 1862 ferendis,

79 1890 136 1941 aut
154 1867 321 1940 movendis
335 1866 483 1938 oneribus
496 1865 674 1938 necessariae
688 1865 726 1936 ad
747 1866 830 1963 leges
843 1867 1042 1937 mechanicas
1059 1871 1237 1965 exigantur.
1278 1877 1356 1942 Hoc
1367 1875 1444 1966 qui.

78 1962 153 2035 dem
170 1988 267 2034 omne
281 1965 301 2032 ai
317 1963 473 2034 strudlurd
486 1958 727 2048 musculorum,
744 1970 777 2034 de
796 1985 909 2030 eorum
925 1963 993 2032 nisu
1008 2017 1018 2046 ,
1034 1986 1092 2034 nec
1107 1987 1172 2032 non
1186 1967 1206 2033 a
1218 1959 1277 2035 litu
1290 1961 1361 2064 ipso
1375 1990 1446 2040 con

78 2066 165 2157 potis
189 2060 314 2151 pendet.
350 2057 550 2155 Experientii
567 2058 796 2129 tantummodo
807 2052 1005 2128 diversorum
1027 2053 1244 2128 musculorum
1264 2065 1345 2132 vires
1361 2086 1444 2158 cog-

79 2156 251 2228 noscimus.
279 2159 333 2225 Sic
355 2155 457 2224 homo
473 2149 561 2222 {lexis
581 2155 613 2220 in
629 2155 711 2226 tetri
723 2152 856 2249 genibus
874 2208 884 2237 ‚
901 2153 1017 2250 pedum
1032 2158 1182 2224 extremis
1200 2158 1344 2248 innixus,
1370 2159 1445 2237 solie

80 2248 230 2319 musculis
246 2249 408 2319 femorum
428 2259 601 2319 &crurum
614 2252 784 2321 contradis
797 2253 1009 2343 totumetigit
1029 2272 1144 2344 corpus
1168 2306 1178 2335 ,
1199 2260 1289 2345 eujus
1317 2259 1444 2351 pondus

81 2368 144 2434 140
159 2343 313 2412 librarum
327 2348 455 2440 ponitut
472 2367 482 2411 a
503 2362 600 2434 atque
614 2340 689 2410 liinc
704 2341 867 2414 concludit
888 2344 932 2413 D.
947 2343 1030 2412 dela
1046 2347 1212 2420 Hire‚eam
1227 2351 1293 2415 vim
1306 2372 1376 2421 tum
1388 2357 1444 2422 in.

80 2436 145 2508 esse
158 2437 206 2506 his
228 2435 376 2507 musculis
392 2459 507 2533 nempe
529 2462 591 2526 i4o
607 2433 771 2510 librarum.
812 2435 902 2504 Idem
921 2434 1024 2506 homo
1047 2434 1180 2537 genibus
1202 2439 1298 2537 paulo
1322 2445 1444 2518 inflexis

80 2527 245 2628 sterigit,
274 2536 421 2625 quamvis
454 2554 534 2598 otius
559 2553 613 2625 ¹50
641 2527 794 2603 librarum
811 2528 916 2619 ferat,
934 2555 1070 2625 tumque
1100 2529 1233 2605 semoris
1258 2543 1441 2614 &crurum

80 2626 213 2698 musculi
230 2651 319 2723 paret
336 2624 407 2697 sunt
422 2623 589 2697 attolendo
603 2623 734 2723 ponderi
750 2655 811 2716 290
828 2621 1002 2697 librarum:
1021 2622 1071 2697 sed
1085 2625 1200 2701 ultrat
1218 2686 1228 2717 ,
1246 2654 1325 2723 aut3
1342 2633 1439 2732 pulli.
1485 2690 1488 2695 .
1573 2685 1575 2691 ,

80 2748 155 2793 cum
171 2722 371 2793 altitudinem
387 2727 438 2792 viir
450 2716 620 2792 attollitur.
652 2720 822 2793 Confirnili
836 2721 935 2789 modo
947 2746 1017 2818 quae
1032 2717 1111 2793 fit&
1128 2748 1246 2819 quanta
1256 2733 1301 2798 vis
1311 2732 1440 2804 iulum.

79 2816 220 2902 borum,
231 2816 439 2887 humerorum
455 2821 512 2903 ,δι
528 2812 736 2886 brachiorum
750 2813 898 2887 musculis
908 2817 1057 2914 expendit
1074 2874 1083 2902 ,
1097 2817 1228 2891 illorum
1239 2825 1355 2895 vimad
1368 2855 1442 2915 i7o,

72 2910 197 2985 borum
223 2912 264 2983 ad
292 2925 350 2982 i6o
374 2910 472 3010 usque
498 2909 592 2982 libras
611 2915 645 2980 in
659 2906 807 3012 simplici,
826 2934 893 2982 non
916 2911 1060 2983 uiolento
1075 2913 1248 2987 admodum
1266 2943 1359 2994 motu
1381 2946 1440 2995 et.

81 3012 194 3084 tendit.

138 3113 220 3182 111.
247 3108 437 3180 Constitutis
452 3108 615 3175 variorum
631 3098 850 3173 musculorum
863 3102 982 3175 viribus
1003 3103 1043 3175 ad
1062 3101 1121 3172 lios
1138 3116 1440 3209 morusetetendor,

78 3204 112 3273 id
133 3201 234 3273 vifiim
247 3205 291 3272 est
309 3207 355 3275 D.
369 3203 407 3270 de
421 3200 449 3272 la
463 3204 545 3270 Hire
559 3256 568 3286 ‚
582 3200 647 3294 qud
659 3201 783 3269 rarione
795 3198 856 3270 illa
872 3225 912 3294 ap
937 3201 1023 3272 licari
1039 3195 1156 3296 possint
1178 3206 1215 3273 iis
1236 3208 1442 3304 actionibus,

78 3302 112 3368 in
135 3296 253 3394 quibus
270 3300 313 3369 est
333 3296 448 3392 aliquis
462 3294 658 3366 Mechiriicae
675 3294 782 3377 locus,
800 3294 855 3364 ubi
873 3226 991 3367 scilieet
1008 3296 1107 3366 vectis
1125 3302 1208 3368 ratio
1222 3312 1384 3395 occurrit,
1400 3337 1440 3383 ae

79 3397 161 3464 vites
179 3393 310 3464 subinde
327 3414 499 3484 augentut,
511 3390 561 3458 vel
583 3392 770 3457 minuuntur
786 3412 880 3480 penes
893 3397 1049 3479 majorem
1069 3412 1124 3459 aut
1141 3397 1301 3464 minorem
1316 3402 1441 3474 veloci.

77 3507 179 3558 tatem
199 3512 273 3558 cum
287 3497 410 3576 majore
422 3505 477 3552 aut
493 3487 618 3552 minore
633 3481 773 3576 pondete
795 3502 1028 3576 comparatam.
1051 3488 1108 3553 Ex.
1123 3507 1172 3578 gr.
1185 3489 1217 3553 in
1231 3486 1299 3582 ipso
1320 3497 1442 3569 incessu

77 3584 157 3652 dum
172 3606 225 3679 pes
238 3598 588 3677 promovetur,arcum
602 3573 747 3645 describit
763 3574 894 3658 circuli,
913 3583 945 3645 δε
961 3598 1067 3646 totum
1083 3579 1176 3672 erigit
1191 3602 1306 3677 eorpus
1318 3588 1441 3664 adeam

78 3675 279 3749 altitudinem
300 3701 370 3772 qtiae
388 3675 431 3745 est
445 3678 528 3747 inter
543 3693 633 3741 arcus
645 3674 794 3767 apicem,
809 3677 841 3742 &
855 3662 1033 3756 subiestum
1049 3670 1192 3769 planum.
1230 3677 1316 3747 Cum
1330 3706 1441 3760 aurem

79 3769 133 3841 liic
148 3797 240 3843 arcus
256 3772 326 3847 satis
347 3770 383 3842 st
396 3766 520 3866 amplus
534 3765 643 3837 habiri
659 3769 781 3835 ratione
798 3761 857 3834 sirae
868 3763 1054 3853 altitudinis,
1068 3788 1138 3861 quae
1155 3793 1253 3863 parva
1264 3775 1440 3854 admodum

78 3869 144 3949 est,
161 3892 267 3941 morus
279 3871 366 3967 pedis
381 3876 413 3941 δι
426 3873 493 3956 ejus
508 3861 663 3932 velocitas
674 3885 763 3956 pares
778 3858 848 3932 sunt
860 3864 1003 3954 eorporis
1024 3862 1156 3959 ponderi
1169 3865 1208 3933 ad
1222 3893 1353 3963 parvam
1366 3873 1441 3946 alti·

77 3965 221 4034 tudinem
242 3963 432 4036 attollendo.
448 3962 557 4054 Atque
571 3957 648 4028 hiric
663 3955 759 4028 aliam
773 3960 856 4027 eruit
880 3953 1050 4027 utilitatem
1063 3982 1101 4029 ex
1117 3954 1273 4056 positione
1297 3973 1438 4062 partium

78 4057 234 4130 mauliinae
259 4060 480 4156 prodeuntem.
879 4142 882 4148 ὁ
936 4105 940 4108 -
1463 4068 1469 4085 '

135 4156 222 4224 Cirm
239 4159 349 4250 itaque
365 4147 498 4222 musculi
520 4145 682 4218 femorum
702 4153 735 4218 dt
754 4169 886 4217 crurum
899 4145 938 4218 ed
959 4148 990 4216 vi
1003 4145 1162 4221 donentur
1184 4207 1194 4238 ,
1221 4159 1286 4250 qud
1311 4159 1436 4255 pondus

80 4277 145 4344 29⁰
170 4248 242 4323 libr.
255 4246 404 4320 attollant
416 4240 514 4338 usque
528 4243 567 4312 ad
587 4269 625 4328 2,
648 4241 698 4313 vel
715 4270 755 4332 3,
775 4240 929 4337 pollicum
954 4240 1180 4335 altitudinem,
1197 4249 1273 4322 hiric
1292 4252 1435 4348 sequitur

78 4350 246 4420 hominem
265 4344 409 4414 incedere
425 4339 513 4437 polle
535 4361 705 4408 oneratum
723 4337 862 4435 pondere
885 4363 968 4432 150,
991 4340 1171 4414 dummodo
1194 4370 1285 4416 crura
1300 4347 1369 4442 plus
1384 4345 1436 4420 sa·

79 4449 119 4516 tis
137 4466 203 4511 non
217 4437 383 4508 extendat:
399 4435 485 4506 secus
502 4437 610 4529 portio
623 4434 732 4504 circuli
746 4490 755 4519 ,
770 4456 869 4528 quam
887 4459 940 4532 pes
952 4432 1118 4516 describit,
1134 4444 1309 4512 minorent
1331 4445 1434 4538 quim

79 4563 136 4636 pat
155 4535 190 4607 sit
207 4533 316 4606 habiti
339 4530 512 4603 altitudinis
527 4533 650 4597 ratione
673 4581 685 4611 ,
712 4527 818 4623 seque
840 4530 1053 4600 commodum
1073 4532 1151 4602 illud
1173 4557 1212 4602 cx
1240 4536 1437 4612 Methanica

80 4628 263 4730 profestum
276 4631 412 4699 amittet.
456 4624 553 4697 Unde
567 4621 671 4694 bomo
683 4620 725 4696 sic
736 4645 884 4698 oneratus
893 4647 951 4721 pet
966 4619 1084 4699 scalam
1108 4635 1199 4722 cujus
1211 4631 1325 4728 gradus
1334 4632 1406 4706 sunt
1419 4661 1436 4730 5

76 4724 251 4837 pollicum,
263 4749 331 4802 non
343 4719 496 4800 ascendet.
