3646 5430
158 427 224 498 du
237 455 274 504 u.
290 363 507 530 ll²quattum
527 430 579 504 seu
597 337 926 503 bilhxhlecmlaffnuh
935 333 995 498 (ses
1010 325 1407 533 fiotpsTterulssfggrdqm
1430 421 1484 492 est.

158 527 254 599 1680.
344 537 440 605 XIX.
468 533 557 601 Cum
573 528 806 625 aequinosiium
825 549 939 594 verum
968 530 1000 594 δι
1027 522 1169 592 medium
1191 514 1338 588 nonnihil
1362 540 1445 590 rnter
1472 513 1503 591 se
1532 518 1646 596 distre·

188 612 193 620 ¹
284 648 368 727 pent
385 634 472 724 juxta
492 629 707 696 recentiorum
724 617 960 690 observationes
982 675 994 705 ,
1019 616 1084 687 hoc
1103 614 1261 712 quidquid
1290 613 1333 682 est
1361 613 1555 689 discriminis
1583 620 1645 691 Au·

289 726 396 795 &ores
423 720 607 794 Calendarii
622 716 840 814 neglexerunt.
872 717 973 787 Nunc
988 736 1097 785 aurern
1123 709 1269 780 medium
1297 708 1368 804 post
1391 734 1505 782 vetum
1525 713 1645 788 duobus

289 818 466 891 retardatur
487 813 596 887 diebus
617 869 629 901 ‚
654 822 687 887 δι
711 836 798 883 anuo
823 809 972 882 buenni
995 806 1052 880 sub
1072 803 1235 903 vesperam
1256 805 1318 874 die
1330 829 1362 875 21
1382 809 1497 879 Martii
1523 815 1644 883 conrin-

213 921 217 936 '
289 918 352 1012 git.
377 909 619 986 Demonstravit
636 933 735 1006 porro
757 914 801 979 D.
815 902 1065 979 cassinusrntra
1092 928 1165 998 400
1191 924 1292 970 annos
1314 904 1444 972 interim
1457 926 1499 974 eo
1526 906 1578 976 die
1596 931 1642 977 ve·

290 1034 386 1096 turn,
403 1012 531 1078 interim
553 1007 694 1076 medium
716 1005 947 1101 aequinoshium
967 999 1125 1072 fututum.
1158 998 1257 1092 Qrod
1275 993 1298 1064 st
1315 1020 1353 1066 ea
1372 1020 1474 1094 quam
1498 1005 1643 1100 proponit

289 1103 449 1191 methodo
466 1125 648 1186 uteremur,
665 1102 760 1170 initio
775 1096 817 1169 ab
832 1122 919 1170 anno
934 1104 1016 1170 1680
1026 1095 1147 1180 doeio,
1160 1092 1392 1187 aequinoctium
1407 1096 1553 1169 medium
1566 1092 1639 1169 seur·

289 1225 348 1299 pet
366 1200 418 1269 die
437 1224 471 1272 21
488 1199 602 1269 Martii
619 1199 729 1267 contin
754 1217 845 1279 eret,
871 1216 906 1262 ut
918 1195 1047 1266 Nicaeni
1067 1187 1210 1260 Consilii
1224 1207 1290 1257 rem
1314 1182 1435 1262 oribus.
1476 1190 1638 1292 Atquertl

289 1318 329 1365 ex
344 1293 408 1365 hoc
422 1319 489 1364 uno
501 1290 652 1390 exemplo
669 1221 764 1361 facile
778 1313 890 1360 omnes
907 1287 1088 1382 intelligent
1108 1281 1211 1382 qu‘arn
1231 1212 1376 1360 Ecclefiae
1388 1280 1445 1383 ipfi
1456 1292 1491 1360 dt
1504 1293 1569 1363 toti
1579 1284 1637 1361 orbi

292 1390 479 1463 Christiano
498 1386 711 1458 Astronomiae
727 1385 910 1456 instauratio
924 1379 961 1453 srr
976 1382 1074 1454 utilia.

337 1490 417 1559 XX.
444 1489 490 1558 D.
514 1480 634 1554 Cassini
656 1481 706 1551 die
725 1506 754 1577 15
776 1481 864 1578 Junii
881 1474 1139 1573 Planisphaerium
1159 1474 1249 1547 suum
1265 1500 1304 1548 ex
1319 1502 1354 1550 ar
1376 1500 1455 1551 ento
1471 1477 1635 1556 conflatum

290 1589 326 1657 δι
355 1581 524 1652 Ludovico
552 1581 612 1650 Ma
637 1601 681 1648 no
709 1575 899 1647 destinatum
925 1571 1068 1643 exhibuit
1094 1571 1216 1663 3fimul
1236 1572 1320 1644 illius
1380 1571 1636 1672 scriptionem&

290 1679 398 1747 varios
417 1672 488 1745 usus
510 1601 667 1773 exposrlit.
692 1677 732 1744 ln
746 1668 943 1770 ptioti'facie
968 1667 1170 1741 Planetarum
1198 1674 1303 1739 motus
1322 1678 1410 1762 juxta
1433 1670 1590 1745 Tichonis
1610 1684 1637 1749 dr

291 1774 469 1868 Co'pernici
483 1765 675 1868 hypotheses
693 1804 703 1858 3
718 1774 752 1839 in
764 1765 863 1837 altera
883 1762 975 1834 stellae
994 1789 1106 1836 omnes
1125 1764 1174 1835 his
1196 1767 1229 1833 in
1246 1763 1429 1863 regionibus
1440 1763 1636 1842 vifibilesde·

289 1861 461 1939 lincuntur.
487 1870 595 1959 Hujus
617 1887 765 1936 centrum
786 1859 883 1935 Polus
902 1857 1041 1931 borealis
1058 1859 1303 1948 obtinet,citca
1316 1884 1414 1959 quem
1440 1860 1538 1937 sidera
1557 1890 1637 1961 quae.

289 1986 354 2060 que
367 1983 461 2033 moru
481 1963 598 2031 diurno
618 1975 798 2032 vertuntur.
825 1965 925 2054 Super
951 1954 1034 2026 illius
1071 1956 1179 2028 lanum
1191 1953 1343 2054 obliquus
1366 1958 1507 2032 circulus
1526 1961 1638 2035 attolli·

288 2077 342 2130 tut
356 2062 416 2222 poi
431 2056 565 2220 Zogiafci
572 2058 677 2222 tSigEna
693 2051 893 2220 peatrrarpfiti}¹
904 1982 1176 2219 puffiuzgolppru}
1198 2054 1386 2221 Lippapptep:
1408 2054 1638 2228 manmefflstsough

288 2177 356 2318 {hess
370 2176 622 2320 {hthivldeihr
645 2172 1036 2342 lsslunhaprhclarilujus
1049 2173 1249 2316 illitumehti
1260 2176 1491 2345 descripribn&
1511 2244 1579 2322 usus
1589 2274 1637 2321 au·

263 2424 265 2428 ¹
288 2338 393 2440 topsra
418 2339 485 2441 ipsa
508 2340 620 2411 melius
635 2339 737 2437 quim
752 2336 898 2410 sermone
921 2337 991 2407 ullo
1011 2343 1256 2438 percipiuntur,
1275 2339 1448 2438 praesertim
1465 2367 1543 2414 curu
1564 2346 1638 2418 illius

288 2437 446 2508 strudhura
463 2435 584 2534 publici
596 2440 673 2531 jutis
685 2433 770 2507 faeta
789 2433 898 2506 fuerit.
920 2430 1008 2506 Usus
1022 2436 1066 2505 est
1086 2459 1182 2535 opera
1204 2437 1344 2506 industrii
1356 2446 1390 2511 dr
1402 2439 1522 2512 erudiri
1530 2442 1635 2516 admo·

289 2533 369 2604 dum
383 2532 513 2604 artificis
530 2535 576 2605 D.
595 2527 779 2604 Butttrfield
800 2528 912 2626 Angli.

166 2628 171 2635 ’
339 2634 371 2701 X
385 2634 418 2701 X
432 2636 460 2702 l.
485 2633 530 2702 D.
543 2631 687 2699 Ro'e'mer
698 2626 749 2696 die
770 2656 809 2715 27
825 2626 960 2724 Augusti
976 2624 1158 2697 machinam
1174 2623 1260 2698 suam
1279 2629 1492 2728 planetariatn
1501 2631 1636 2798 protulit,

289 2748 363 2890 pure
394 2725 597 2797 Planetatum
622 2745 730 2792 motus
762 2746 828 2792 tarn
861 2723 937 2884 aptit
958 2720 1113 2809 exhibet,
1141 2747 1177 2796 ut
1210 2748 1437 2822 perpetuarum
1456 2734 1506 2827 Ep
1529 2732 1633 2799 emeti.

313 2845 333 2889 u

335 2846 368 2888 m
393 2818 469 2889 loco
490 2815 550 2889 esse
568 2813 675 2916 poffir.
699 2816 788 2888 Illius
810 2842 881 2888 mac
906 2821 964 2887 inae
985 2818 1172 2890 sstustutam
1197 2827 1231 2892 δε
1255 2815 1325 2890 usus
1351 2820 1467 2921 scripto
1486 2818 1637 2919 exposuit,

287 2917 400 2985 eximii
423 2909 553 2985 artificis
583 2915 630 2986 D.
652 2909 779 2986 Thuret
801 2937 934 3013 operam
957 2912 1112 2989 adhibuit.
1150 2919 1200 2986 Ac
1226 2918 1269 2982 D·
1293 2913 1417 2989 Caffini
1434 2919 1485 2999 die
1505 2943 1539 3010 3¹
1569 2918 1634 2992 du·

288 3010 494 3176 gustistquarn
527 3011 602 3110 apte
632 3007 700 3081 hac
723 3008 873 3081 machina
898 3034 973 3081 curn
1006 3009 1212 3084 Planetarum
1233 3034 1328 3085 motu
1353 3009 1530 3088 consentiat
1553 3015 1633 3104 ,dr-

209 3128 213 3135 ·
289 3129 370 3176 mon
400 3126 494 3179 ravit.

344 3201 469 3273 Eodem
483 3200 534 3271 die
548 3205 593 3273 D.
613 3203 759 3274 Ro'e'mer
772 3203 899 3276 alterius
920 3203 1076 3275 machinae
1090 3187 1189 3303 duam
1208 3209 1306 3280 Lunae
1319 3207 1464 3281 moribus
1478 3208 1631 3282 diomer-

286 3297 336 3368 dis
350 3300 462 3366 animo
483 3320 698 3396 conceperat,
713 3297 866 3370 linearem
895 3295 1138 3397 descriptionem
1155 3313 1187 3376 ἃ
1211 3301 1353 3376 formam
1371 3303 1519 3378 exhibuit
1538 3361 1551 3395 ,
1573 3329 1630 3406 qut

288 3388 379 3464 brevi
396 3392 465 3487 post
481 3415 627 3489 tempore
638 3392 680 3465 ab
694 3396 809 3465 eodem
821 3391 942 3466 artifice
960 3392 1022 3465 fuit
1034 3392 1189 3474 absoluta.

333 3493 367 3562 X
381 3494 413 3559 X
426 3493 476 3562 11.
512 3487 587 3560 Nec
608 3487 696 3561 illam
746 3493 887 3588 troquea
906 3496 951 3564 D.
964 3491 1003 3561 de
1017 3491 1047 3562 la
1062 3497 1145 3566 Hire
1158 3520 1233 3568 ante
1246 3497 1380 3593 aliquod
1396 3521 1525 3597 tempus
1545 3523 1626 3572 exco-

283 3587 420 3684 gitatam
435 3581 618 3653 machinam
631 3586 670 3655 ad
684 3516 819 3683 Eclipses
835 3587 1037 3658 inveniendas
1052 3590 1206 3662 intauam
1221 3599 1380 3691 praeterire
1402 3593 1461 3665 fas·
1472 3595 1516 3664 est
1532 3625 1541 3670 ε
1559 3595 1627 3666 haur
1672 3642 1677 3657 «

285 3680 396 3778 postea
406 3675 584 3776 horologiis
598 3677 798 3751 oscillatoriis
811 3677 853 3749 fic
864 3687 1006 3780 aptavit,
1029 3707 1065 3752 ut
1091 3687 1183 3757 index
1206 3693 1264 3783 qui
1282 3694 1365 3759 intra
1390 3714 1511 3761 annum
1533 3695 1624 3764 Luna·

285 3798 355 3842 rem
373 3774 541 3869 periodum
563 3770 651 3843 suam
677 3770 835 3862 absolvit,
855 3777 1034 3848 Novilunia
1052 3803 1188 3876 queque
1205 3793 1238 3856 dc
1264 3781 1441 3857 Plenilunia
1469 3842 1481 3873 ,
1506 3793 1573 3859 imo
1597 3793 1622 3858 u
1672 3764 1677 3885 l

284 3865 410 3937 futuras
425 3889 466 3935 eo
478 3890 565 3936 anno
577 3867 713 3966 Eclipses
726 3869 930 3945 demonstret.
966 3875 1042 3945 Una
1062 3898 1100 3944 ex
1126 3881 1164 3947 iis
1190 3877 1346 3951 machinis
1371 3906 1447 3952 curn
1470 3880 1540 3955 aliis
1564 3904 1620 3980 prr

287 3962 381 4032 dui.
396 3961 437 4031 ad
456 3966 686 4058 Imperatorem
701 3962 863 4035 Sinensem
877 3964 965 4037 missa
984 3967 1052 4056 est,
1068 3995 1167 4065 quarn
1187 3980 1272 4047 Patri
1295 3979 1459 4077 Fonrenay
1486 3977 1618 4063 tradidit,

288 4081 426 4159 eamque
438 4057 546 4154 postca
558 4053 599 4127 ab
611 4082 652 4131 eo
664 4057 828 4160 reposcere
839 4061 961 4159 placuit
976 4070 1167 4163 Imperatori
1182 4067 1372 4146 sinensium.

903 4357 1028 4445 0&ssst
