3646 5430
351 366 683 447 AGAMMIAE
753 368 1267 445 autumnitani.
1490 388 1523 463 53

152 466 210 544 ille
230 459 402 568 ptaescribit
426 452 574 564 regulas,
592 463 709 563 quibua
741 465 886 562 stirpium
915 491 1031 565 genera
1057 470 1090 536 in
1105 474 1214 537 'certas
1232 462 1411 537 tribuantur
1441 394 1520 535 clis-
1538 448 1649 565 Μ’

152 563 199 638 scs
214 603 223 656 5
245 569 278 634 in
292 568 384 634 tertia
399 570 431 636 uc
447 586 563 660 genera
576 571 609 635 &
625 558 733 631 claues
747 558 929 656 singillatim
942 586 1109 633 enumerat
1123 597 1132 650 ;
1146 583 1244 657 atque
1259 560 1327 632 haec
1342 564 1448 658 ptimo
1461 578 1522 632 vo«
1537 568 1625 616 Μ

151 662 278 734 lumine
300 664 533 729 continentur:
554 659 682 727 namin
703 655 841 728 secundo
866 668 898 730 δι
928 662 1024 728 tertio
1046 661 1156 728 icones
1172 662 1312 754 partium
1325 715 1341 745 ,
1359 662 1392 729 in
1405 653 1526 753 quibui

151 755 292 857 insignes
299 777 392 919 pota
409 770 563 852 gutrctum
585 756 734 825 omnium
754 749 965 842 elucescunt,
986 757 1025 825 ad
1047 758 1163 827 vivum
1185 749 1331 851 expressae
1351 749 1420 826 sunt
1447 810 1458 842 ,
1484 763 1522 827 δι

151 877 208 924 211
231 878 294 926 incr
309 877 346 921 a.

201 957 217 1022 1
235 956 290 1021 11.
324 947 446 1019 Eodem
465 964 579 1042 genere
590 935 756 1018 censentur
789 943 904 1036 lantae,
918 951 951 1017 in
967 942 1203 1044 quibus-similis
1224 945 1270 1016 est
1284 951 1422 1045 partium
1435 947 1522 1018 stru-¹

151 1049 267 1134 Rura,
287 1052 320 1116 bt
335 1068 446 1114 earum
460 1045 600 1114 maximi
613 1098 624 1130 ,
640 1067 711 1137 quae
725 971 837 1138 insigni
853 1066 932 1114 nota
947 1100 958 1131 ,
973 1052 1006 1116 &
1028 1047 1197 1116 communi
1214 1047 1357 1140 quodam
1385 1044 1521 1115 charac-

151 1166 222 1216 tere
239 1140 283 1213 ab
298 1139 368 1209 aliis
394 1135 609 1211 secernuntur.
635 1141 656 1206 S
682 1142 750 1208 ecit
771 1141 850 1209 verb
865 1137 935 1210 sunt
949 1134 1113 1227 divertat,
1135 1141 1168 1207 in
1190 1139 1306 1237 quibus
1330 1137 1451 1235 aliquid
1472 1141 1524 1211 eu

151 1235 332 1338 fingulato,
349 1234 441 1331 quod
460 1232 501 1305 ab
516 1233 585 1303 aliis
606 1164 745 1325 ejusdem
787 1239 890 1305 enerit
910 1259 964 1306 eas
985 1228 1189 1305 discriminat.
1231 1235 1440 1307 (hataii'eres
1455 1261 1516 1335 ge.

150 1338 253 1408 tretici
264 1338 296 1402 in
314 1354 510 1427 unaquaque
524 1326 650 1424 speeie,
671 1261 860 1426 quoaclfieti
878 1333 1006 1429 potest,
1037 1327 1094 1401 fibi
1108 1328 1224 1404 ssmiles
1238 1331 1299 1403 elle
1310 1328 1426 1403 debent
1443 1387 1455 1421 ,
1479 1342 1520 1404 8ο

150 1426 332 1512 sensibiles,
354 1430 435 1497 adeo
461 1426 639 1496 utadverti
660 1423 759 1498 facile
778 1423 907 1524 polllnt.
930 1428 1041 1524 Atque
1062 1427 1128 1498 brec
1149 1453 1266 1526 genera
1292 1425 1422 1500 certios
1448 1438 1518 1503 nati

150 1523 272 1599 rlebenr
293 1522 509 1608 nominibus,
538 1545 612 1616 quae
635 1521 653 1592 ὲ
677 1521 832 1592 siruilura
854 1525 994 1619 partium
1015 1528 1124 1620 potius
1146 1454 1522 1624 quimexetymologia

150 1621 291 1724 petenda
311 1614 391 1690 sunt·
442 1616 610 1712 Siquidem
631 1621 815 1689 notationes·
830 1622 1001 1689 nominum
1026 1644 1178 1716 magnam
1198 1615 1277 1718 saepe
1298 1624 1332 1690 in
1362 1645 1523 1719 generum

221 1718 341 1787 uitione
362 1708 742 1811 pariuntconsusronem,
773 1719 885 1810 Atque
898 1737 936 1784 cx
953 1711 1120 1786 occabone
1134 1716 1273 1812 quadam
1292 1771 1304 1804 ,
1326 1740 1382 1789 aut
1411 1719 1523 1815 iqui·

149 1815 174 1889 b
213 1813 288 1883 dam
307 1817 393 1883 notis
406 1867 416 1898 ,
429 1835 500 1906 quae
515 1813 549 1878 in
567 1833 628 1879 una
655 1832 710 1881 aut
731 1808 829 1880 altera
856 1833 1030 1881 occurrunt
1052 1806 1186 1907 specie,
1212 1813 1313 1884 indita
1337 1811 1407 1884 sunt
1425 1814 1523 1912 plan«

149 1915 190 1984 tia
205 1906 392 1981 vocabula:
415 1932 489 1979 cum
504 1928 614 1976 tamen
640 1910 724 1976 ratio
750 1902 897 1976 habenda·
914 1901 951 1978 stt
975 1905 1166 1978 characteris
1185 1907 1348 2004 cujulilam
1369 1905 1516 1980 essentia·

149 2007 213 2096 lia,
232 2010 290 2102 qui
310 2001 461 2074 omnibns·
475 2025 565 2097 aeque
579 1997 740 2096 speciebus
754 2006 953 2088 conveniat,
984 2010 1018 2076 &
1040 2005 1094 2071 eui·
1111 2026 1237 2074 nomen
1255 1999 1383 2102 ipsum,
1410 2003 1432 2075 sr
1449 2004 1528 2080 fieri·-

195 2102 278 2183 test,
300 2097 337 2171 stt
350 2099 526 2196 illigatumr
541 2101 594 2166 Sic
614 2098 820 2184 Leucoi'um,
837 2094 919 2168 suad
930 2104 1071 2170 nominis
1081 2103 1248 2195 originem
1260 2099 1425 2190 referatur,
1442 2109 1515 2174 vio-

182 2225 219 2270 ω
231 2193 342 2269 albam
362 2193 590 2266 tantummodo
601 2249 616 2281 ,
628 2217 694 2264 non
707 2218 807 2292 genus
827 2189 930 2292 ipsum
944 2190 1138 2294 defignabit:
1158 2197 1254 2292 idque
1269 2193 1436 2269 confusam
1457 2225 1514 2298 gc-

149 2299 234 2368 nctit
246 2294 351 2364 ideam
365 2288 466 2363 dabit.

156 2419 165 2456 z
197 2393 216 2460 1
225 2396 269 2463 V.
293 2385 420 2461 Vertlm
434 2385 497 2458 hoc
512 2392 544 2457 in
556 2413 592 2459 ea
611 2413 645 2459 re
658 2388 805 2487 captrtesi
820 2443 830 2474 ‚
846 2405 885 2458 ur
895 2386 1110 2459 characterem
1123 2386 1227 2486 ipsum
1239 2392 1427 2485 genuinum,
1446 2416 1520 2464 non

148 2481 292 2585 spurium
312 2492 345 2556 &
364 2489 554 2554 ementitum
573 2487 764 2570 statuamus,
780 2489 848 2576 quo
866 2482 981 2580 species
995 2509 1131 2579 quaeque
1148 2483 1299 2562 ausuum
1312 2509 1411 2580 genua
1426 2485 1519 2558 refe·-

148 2603 265 2668 ratur,
287 2578 318 2651 is
336 2605 374 2651 ue
388 2585 419 2648 in
435 2579 527 2691 stirpe
541 2575 627 2678 ipsa,
649 2605 715 2649 non
733 2579 812 2650 foris
831 2582 1015 2676 quaerendus
1033 2580 1089 2651 est.

195 2684 244 2750 V.
255 2682 294 2746 ln
309 2604 414 2771 planta
427 2698 506 2745 vero
520 2672 589 2746 sunt
604 2677 691 2745 radix
705 2686 736 2746 δι
748 2672 853 2745 semen
868 2673 919 2744 stu
934 2673 1057 2745 fruitus
1067 2733 1080 2764 ‚
1091 2674 1174 2745 undo
1187 2679 1225 2744 ·&
1241 2673 1339 2746 caulis
1349 2679 1382 2747 in
1393 2676 1517 2770 herbis,

148 2795 286 2848 truncus
298 2775 330 2842 itr
343 2767 531 2855 arboribus,
552 2769 632 2840 folia
653 2783 683 2844 δ(
703 2771 798 2842 flores
813 2771 993 2842 nascuntur.

191 2865 328 2968 Singulq
344 2867 495 2961 cujusque
511 2866 611 2965 stirpis
633 2892 736 2967 partes
749 2868 869 2964 duplici
888 2889 1005 2963 genere
1017 2862 1205 2938 tubulorum
1220 2860 1389 2957 constant,
1415 2875 1434 2946 ὲ
1455 2902 1516 2947 νη,

147 2969 184 3043 fis
205 2988 324 3064 nempe
337 2971 370 3035 δι
384 2959 540 3046 tracheit,
565 2961 788 3034 vasa-succum
816 2968 985 3033 nutritium
1007 2964 1047 3031 ad
1065 2967 1302 3057 vegetationem
1349 2962 1442 3040 lanrae
1455 2974 1517 3044 da«

147 3055 256 3140 ferunt
274 3059 459 3146 ,Tracheas
478 3059 573 3127 instar
596 3059 790 3156 pulmonum
816 3056 876 3129 elle
903 3114 914 3145 ,
942 3067 975 3130 δε
1002 3063 1074 3130 a‘e're
1097 3057 1224 3156 impleti
1251 3082 1356 3130 cenet
1382 3067 1509 3166 Malpi.

147 3162 262 3266 gbius:
288 3157 355 3228 liaec
375 3156 446 3226 duo
462 3151 651 3224 tubulorum
670 3180 789 3252 genera
809 3160 842 3225 in
864 3155 1022 3226 radicibus
1044 3163 1078 3224 &
1106 3159 1204 3225 ramis
1225 3153 1325 3255 sparsa
1355 3162 1389 3229 in
1417 3184 1509 3234 trun-

147 3285 188 3333 co
211 3263 245 3325 δι
269 3253 359 3326 caule
374 3252 594 3349 colliguntur,
627 3249 772 3320 nonsibi
802 3248 916 3320 mutuo
947 3250 1093 3348 proaimb
1118 3249 1298 3337 coliaerent,
1328 3251 1381 3324 sed
1406 3262 1507 3330 inter·

148 3367 156 3380 ·
263 3346 504 3431 utriculorum,
531 3352 564 3416 δι
584 3344 673 3440 quasi
699 3344 907 3416 vesicularum
943 3370 1098 3416 connexa.
1137 3345 1289 3418 Vesculae
1311 3367 1424 3423 tutem*
1444 3354 1512 3424 ila:

146 3357 243 3524 Εῗο
256 3446 345 3519 velut
366 3439 515 3540 sanguine
526 3442 724 3541 implentur,
747 3446 794 3513 uti
814 3466 856 3510 ea⁴
867 3440 1053 3539 Malpighio
1065 3438 1130 3510 alio
1142 3437 1222 3511 loco
1233 3444 1356 3514 dilium
1373 3446 1393 3513 a
1410 3448 1512 3520 nobie

146 3546 219 3622 init.

191 3647 259 3715 vl.
284 3636 444 3713 Tracheas
465 3636 609 3730 stirpium
627 3630 783 3733 aptissimi
805 3630 982 3704 delineatas·
1000 3631 1097 3706 habes
1114 3637 1147 3704 in
1169 3622 1277 3702 tabula
1300 3657 1376 3731 45¹
1408 3636 1511 3715 lru'uo

146 3744 273 3840 operis,
295 3735 361 3806 haec
383 3733 454 3805 vasa
476 3737 510 3803 in
531 3725 619 3825 spira:
638 3732 772 3800 modum
795 3749 961 3818 contorta,
983 3755 1022 3802 ac
1044 3729 1197 3828 pleraque
1215 3729 1310 3802 instar
1334 3739 1437 3805 tenuis
1453 3669 1505 3807 la.
1620 3785 1625 3802 .

146 3839 243 3909 minae
270 3832 398 3903 diducla
420 3824 648 3902 &convoluta
673 3824 814 3924 patribus
837 3822 1037 3922 squamatim·
1054 3825 1161 3925 politis
1187 3847 1411 3921 coagmentata
1431 3856 1512 3904 cet·r

146 3951 268 4005 nunaut
284 3954 296 4000 a
313 3950 416 4021 eaque
429 3923 523 3998 facili
535 3922 688 4021 deteges,
710 3919 733 3991 st
758 3919 918 3992 ramulum
938 3919 1014 3994 rosae
1028 3945 1083 3994 aut
1104 3925 1200 4006 vitis,
1218 3944 1273 3992 aut
1293 3923 1423 3999 alterius
1433 3929 1509 4000 stir-

165 4033 355 4100 ittenerum
380 4018 570 4116 disrumpas.
593 4020 675 4092 lllud
692 4018 828 4088 advertit
852 4017 1122 4092 D,Tournefort
1141 4041 1192 4088 eas
1216 4018 1358 4093 tracheas
1380 4076 1394 4110 ,
1427 4050 1513 4099 cum·

145 4053 171 4199 la
285 4140 336 4190 tut
350 4173 361 4204 ,
377 4141 470 4187 motu
492 4107 750 4188 clasticodonari
767 4141 779 4186 ε
798 4110 851 4184 feu
871 4113 1004 4186 lamella
1025 4113 1152 4229 spitales
1167 4115 1325 4211 producite
1337 4119 1512 4218 pristinam

145 4220 286 4293 brutam
300 4211 356 4285 srbi
376 4214 564 4298 restituant,
585 4222 618 4286 δι
642 4206 828 4280 conclusum
851 4216 925 4281 a'e'ra
946 4234 1131 4298 excutiant,
1153 4232 1191 4278 ac
1214 4212 1358 4294 uicissimx
1375 4221 1429 4287 a'e't
1448 4220 1512 4290 ille

145 4336 197 4389 :aa
209 4311 384 4396 succutiat,
406 4316 439 4380 δι
459 4307 530 4405 post
544 4307 671 4407 aliquot
681 4310 786 4378 itus&
804 4308 921 4377 aeditus
939 4308 1105 4404 pristinum
1122 4306 1217 4394 situm
1238 4314 1419 4408 recipiant;
1439 4312 1512 4388 five:

145 4409 293 4484 exteriori
308 4407 421 4476 cedant
441 4406 533 4475 a'c'ri:
560 4427 636 4475 nam
685 4402 732 4472 lus
762 4399 831 4473 satit
855 4403 1018 4499 produiiae
1039 4402 1171 4476 elaterio
1198 4399 1310 4476 amilio
1326 4403 1513 4484 tabcscunt..

145 4510 228 4582 Non
248 4505 337 4573 enim
356 4499 511 4572 abhorret
532 4499 553 4569 ὲ
575 4428 734 4570 verobaec
752 4497 825 4572 vasa
842 4496 904 4571 elle
915 4501 1105 4597 excipiendo
1119 4499 1186 4574 a'e'ri
1203 4519 1336 4595 aptata,
1356 4508 1413 4599 qui
1428 4501 1504 4577 suc.

144 4607 169 4677 :i
190 4620 320 4670 motum
341 4599 471 4688 adjuvat
484 4602 518 4666 δι
532 4615 723 4690 promovet,
746 4596 856 4693 Atque
877 4594 924 4666 hae
946 4596 1080 4668 tracheae
1099 4595 1172 4696 plus
1192 4591 1338 4669 minusve
1363 4596 1513 4671 dilatati.-

144 4721 218 4783 ate,
233 4716 270 4766 ut
286 4692 455 4765 elaterium
469 4693 551 4761 aitis
563 4688 678 4760 fortius
689 4689 756 4778 cst,
777 4715 832 4766 aut
844 4691 975 4765 debilius
995 4693 1104 4766 dedic
1131 4718 1186 4766 aut
1206 4689 1303 4760 nobie
1322 4746 1339 4777 ,a
1363 4717 1425 4792 pre
1445 4721 1505 4767 ca.r

144 4787 416 4898 lotcautstigote
427 4796 515 4883 juxta
529 4788 631 4865 ratus
642 4789 938 4892 anniumpestatea
964 4789 1032 4862 A‘e't
1050 4794 1173 4892 quippe
1188 4778 1367 4956 plruffsplito
1380 4791 1509 4868 disten-r
