3646 5430
415 390 467 482 aa
751 368 951 449 neura
990 371 1447 449 scieurrruuu

290 484 404 561 llu'u.
444 508 488 554 uo
500 477 579 552 illud
599 476 739 575 sequitur
753 496 825 546 mm
840 472 1047 546 velocitatem
1069 471 1146 543 huic
1167 476 1286 568 aquati
1308 496 1436 567 ,quam
1448 484 1538 567 putta
1550 493 1696 571 aquaex
1721 478 1783 545 ea'a'

293 588 386 659 1668.
460 605 493 654 m
509 573 767 665 rabsaltirudine
785 567 935 641 delabens
956 568 1071 669 adepta
1083 567 1186 638 ess‘et:
1211 573 1339 662 utrique
1358 571 1445 638 enim
1462 593 1588 642 rantum
1613 566 1689 641 tlltt
1713 574 1783 640 im*

419 675 513 777 pe'uls
528 667 694 770 acquisti,
709 687 868 765 quantum
885 661 1064 755 sufficeret,
1082 685 1117 735 ut
1131 661 1173 736 ad
1189 687 1261 734 eam
1272 688 1312 734 cr.
1325 689 1390 762 qua
1403 660 1562 738 descendit
1575 666 1782 738 altitudinem

421 773 612 872 perveniret.

473 871 549 939 Vll.
572 864 662 964 Qid
674 866 709 933 in
725 855 816 930 causa
836 855 873 931 fit
891 884 947 931 cur
967 857 1043 930 lruic
1055 859 1216 957 principio
1236 859 1428 956 experientia
1454 853 1520 952 ipu
1544 856 1704 929 interdum
1724 857 1784 929 ad.

421 959 540 1036 versari
553 962 718 1045 videatur,
739 955 803 1026 lroc
820 943 922 1053 ipsum
941 953 1039 1054 paulo
1057 951 1240 1048 diligentius
1253 951 1454 1023 intuendum.
1487 958 1630 1025 Primum
1647 956 1781 1051 quidem

422 1058 502 1156 srepe
526 1059 581 1127 air
606 1053 710 1126 obstat
735 1056 911 1148 quominus
931 1070 1016 1146 aqua
1037 1040 1156 1118 sursum
1178 1054 1213 1118 dc
1235 1046 1278 1117 ad
1301 1070 1356 1144 per
1398 1047 1564 1120 rudiculum
1583 1074 1783 1143 erumpens,

421 1155 461 1224 ael
473 1176 546 1223 earn
566 1175 604 1221 ex
619 1173 684 1247 qua
694 1140 820 1244 delapsa
838 1145 884 1218 est
906 1145 1107 1218 altitudinem
1136 1147 1311 1239 perveniat.
1350 1071 1445 1237 lique
1465 1167 1507 1214 eo
1522 1154 1624 1239 majus
1645 1146 1689 1215 ell
1715 1145 1784 1218 hot

421 1249 714 1345 impedimentum,
734 1244 804 1342 qub
820 1246 925 1333 maior
947 1241 991 1314 est
1004 1264 1090 1336 aque
1112 1236 1254 1310 celeritas
1278 1245 1313 1309 dt
1333 1234 1481 1307 foramen
1496 1243 1683 1338 angustius:
1711 1243 1785 1340 plus

422 1347 512 1415 enim
530 1339 641 1414 refislit
666 1346 722 1413 a'e'r
746 1343 863 1430 majori
883 1337 1023 1432 ejusdcm
1038 1335 1185 1433 corpoeis
1202 1333 1379 1418 celeritati,
1400 1331 1618 1407 &foraminis
1641 1339 1786 1436 angustia

424 1433 526 1510 efficit
539 1460 574 1510 ut
588 1459 673 1535 aqua
686 1432 785 1509 citids
802 1428 965 1532 spargatur
977 1435 1011 1501 in
1021 1429 1173 1530 guttulas.
1200 1430 1266 1499 A’e‘r
1279 1427 1358 1498 verb
1373 1425 1443 1524 plus
1454 1438 1510 1500 aut
1523 1429 1630 1503 minda
1645 1432 1695 1504 his
1709 1430 1784 1505 obs-

425 1549 474 1607 tat
485 1537 584 1632 guttis
597 1539 684 1626 jutta
696 1525 933 1632 superficierum
946 1531 1130 1610 rationem,
1145 1548 1217 1622 qua
1234 1548 1310 1594 curn
1318 1519 1475 1594 soliditate
1488 1550 1672 1623 comparata
1682 1537 1785 1622 major

427 1629 521 1700 estin
535 1631 639 1730 parvis
649 1686 660 1718 ,
672 1629 777 1725 qudm
786 1629 820 1695 in
829 1629 955 1722 magnis
964 1619 1154 1721 corporibus
1171 1655 1181 1711 3
1204 1616 1381 1690 minoribus
1393 1620 1474 1689 adeo
1485 1627 1583 1718 guttis
1594 1622 1665 1720 plus
1677 1621 1785 1698 resiliit

429 1730 484 1796 a'e‘t
497 1725 600 1823 quam
612 1721 795 1818 majoribus·
825 1720 961 1792 Accedit
969 1716 1050 1790 illud
1059 1740 1130 1814 quo
1155 1740 1195 1787 ue
1208 1738 1327 1812 aquam
1340 1709 1460 1784 sursum
1474 1716 1559 1788 &ad
1573 1722 1786 1815 perpendicua

430 1815 501 1892 lum
519 1818 680 1891 salientem
695 1823 730 1889 in
744 1812 875 1913 seipsam
887 1816 1046 1900 recidere,
1059 1741 1292 1885 &inseriorem
1311 1834 1382 1908 quae
1402 1805 1522 1880 sursum
1545 1813 1722 1904 cluslatur,
1738 1840 1788 1888 re.

428 1914 559 2015 pellere.
625 1909 830 1986 uodsrlistula
839 1903 1091 1982 emirfeirum
1105 1905 1233 1999 ajustoir
1243 1908 1286 1976 ita
1294 1927 1442 2002 aptetur,
1459 1930 1494 1977 ut
1507 1907 1626 2004 aquai.
1646 1936 1788 2010 perpen⁴

420 2009 541 2082 -diculo
551 2011 619 2082 deci
634 2032 707 2098 cat,
724 2032 795 2081 tum
807 2029 897 2100 aquae
910 2001 1047 2075 salientis
1058 2008 1167 2101 minor
1177 2001 1315 2072 altitudo
1325 1999 1431 2072 futura
1444 2001 1500 2089 est,
1516 2005 1607 2101 quod
1620 2028 1689 2082 tota
1700 2031 1788 2106 aqua

433 2101 554 2178 sursum
568 2129 635 2176 non
655 2105 791 2188 tendat,
808 2096 859 2170 sed
873 2098 946 2198 pars
960 2098 1044 2170 illius
1057 2099 1098 2168 ad
1115 2096 1214 2168 latera
1227 2096 1386 2168 delleslat.
1685 2161 1688 2170 ,

475 2198 592 2370 samfi
608 2197 703 2270 tubus
715 2197 876 2296 angustior
891 2192 949 2282 fit,
963 2203 998 2268 ἃ
1010 2199 1111 2267 exitus
1129 2191 1226 2289 paulo
1243 2199 1368 2287 major,
1391 2219 1477 2290 aqua
1496 2198 1612 2295 magud
1627 2197 1788 2272 celeritate

430 2299 471 2369 <de
488 2299 594 2370 cendit
602 2332 619 2384 ,·
627 2291 677 2365 sed
690 2290 841 2367 lateribus
853 2287 924 2363 tubi
931 2312 987 2361 aut
994 2288 1072 2361 vasrs
1080 2281 1290 2361 adhaerescens
1301 2313 1368 2359 non
1378 2291 1658 2392 eademviaquam
1668 2293 1788 2368 sursum

434 2388 689 2480 vibrat,acstin
702 2390 814 2461 latiore
826 2385 908 2459 tubo
920 2407 1115 2462 moveretur.

479 2495 572 2562 Vlll.
597 2488 686 2557 Idem
707 2483 776 2555 scre
796 2481 1061 2580 argumentum&
1080 2482 1126 2556 D.
1145 2482 1256 2555 Pirard
1276 2505 1314 2553 ex
1330 2477 1439 2556 iisdem
1461 2486 1626 2581 principiis
1639 2543 1649 2572 ,
1662 2485 1714 2557 sed
1726 2488 1789 2560 alia

434 2582 593 2658 methodo
607 2570 837 2681 pertradlatum
853 2576 916 2648 suit
934 2576 985 2648 die
1007 2584 1060 2652 28.
1074 2578 1221 2677 Augusti.
1256 2577 1401 2652 Primrlm
1413 2605 1450 2654 ex
1462 2577 1541 2651 vasis
1558 2603 1628 2674 qure
1640 2581 1714 2652 licdr
1728 2583 1789 2659 fine

433 2677 602 2776 inaequalia
618 2682 651 2748 in
664 2673 832 2746 latitudine
849 2725 861 2760 ,
876 2671 1035 2769 aequalem
1055 2672 1173 2745 habent
1198 2675 1423 2766 altitudinem,
1458 2700 1515 2780 per
1537 2677 1674 2839 aequalia
1698 2676 1789 2751 sota.

436 2780 525 2846 mina
538 2797 657 2868 aquam
669 2770 780 2861 eadem
798 2767 960 2861 eeleritate
977 2773 1079 2851 exire,
1099 2794 1198 2866 atque
1217 2769 1271 2840 ubi
1285 2768 1357 2841 vasa
1369 2769 1492 2872 semper
1511 2777 1579 2868 imp
1592 2793 1708 2866 entur,
1732 2772 1788 2845 iisd

429 2864 511 2939 dem
524 2862 722 2965 temporibus
738 2867 873 2937 eandem
881 2886 970 2961 aqua
984 2870 1196 2961 quantitatem
1209 2864 1352 2940 effluere.
1367 2895 1398 2942 2.
1412 2872 1611 2942 Cumautem
1627 2894 1709 2966 pera
1756 2896 1793 2942 r-

436 2984 509 3035 tum
537 2967 572 3032 in
594 2960 696 3032 fundo
717 2959 865 3032 mamert
887 2981 943 3030 vas
966 2965 1169 3048 exinanitur,
1186 2984 1246 3031 nec
1264 2987 1350 3032 nova
1374 2968 1501 3036 interim
1517 2965 1592 3033 ltuic
1613 2895 1794 3038 affunditur

327 3135 330 3141 ,
432 3082 545 3156 aqua,
567 3055 770 3130 tantumdem
796 3079 887 3154 aqua
912 3076 951 3126 ex
971 3051 1043 3127 vase
1063 3055 1166 3128 altero
1196 3053 1377 3157 &semper
1419 3057 1493 3131 leno
1512 3065 1596 3132 intra
1622 3061 1792 3133 dimidium

430 3149 711 3322 sumu
724 3179 742 3320 2
755 3086 1417 3321 effusissimum
1437 3154 1789 3324 rur-sur·

481 3277 637 3431 rilitillet,
654 3267 847 3416 ἀιξιῗιιιιοάξ)ε
858 3302 1018 3414 foramirla
1033 3273 1151 3441 quaePin
1166 3349 1235 3416 imo
1248 3275 1405 3442 {ujusqulg
1419 3276 1528 3446 &refut
1540 3277 1735 3448 immulgen?
1746 3278 1793 3420 inti

437 3367 520 3609 §ss
542 3465 598 3516 aut
619 3439 713 3514 fundi
742 3439 802 3514 fint
823 3443 1098 3539 proportionata:
1123 3462 1297 3541 utrumque
1319 3464 1352 3515 v.
1378 3466 1425 3541 gr.
1448 3440 1485 3515 srt
1504 3467 1575 3543 pars
1599 3467 1712 3542 quarta
1733 3443 1793 3517 sure

429 3563 432 3569 ·
491 3563 532 3613 rs.

428 3673 432 3681 ·
480 3641 544 3711 ΙΧ.
577 3641 689 3735 Qtre
706 3641 740 3710 in
761 3632 886 3706 duobus
913 3631 993 3705 vasu
1012 3630 1151 3729 ejusdem
1172 3628 1346 3704 altitudinis
1366 3658 1450 3733 aqua
1465 3634 1617 3736 paulatim
1632 3642 1711 3708 citra
1729 3661 1796 3709 no-

437 3754 480 3823 ις
498 3728 690 3805 affirsronem
713 3757 768 3832 per
781 3727 916 3828 aequalia
931 3728 1092 3800 foramina
1114 3728 1157 3798 fic
1173 3726 1353 3820 delabitur,
1379 3755 1414 3802 ut
1433 3753 1580 3828 tempora
1596 3735 1794 3804 exinanitio·

440 3830 491 3896 nis
502 3851 574 3898 eam
587 3825 715 3899 interse
734 3825 872 3896 babeant
889 3828 1073 3911 rationem,
1101 3826 1204 3921 quam
1221 3822 1318 3899 basta.
1351 3829 1439 3899 Cum
1457 3832 1543 3898 enim
1558 3827 1670 3898 eadem
1691 3824 1731 3900 fit
1750 3826 1796 3900 al·

430 3923 572 4009 ruodo,
596 3919 638 3992 ab
660 3921 777 3993 eodem
791 3917 962 3988 celeritatis
982 3921 1082 4017 gradu
1103 3943 1210 3992 motus
1233 3945 1322 4017 aqua
1343 3928 1378 3994 in
1397 3945 1535 4009 utroque
1562 3917 1634 3993 vase
1655 3927 1796 4024 incipit,

439 4022 532 4109 errius
556 4041 627 4116 pars
652 4017 783 4087 dimidia
807 4012 829 4085 st
850 4009 1011 4101 sumatur,
1027 4040 1064 4086 ea
1090 4041 1130 4087 ue
1149 4017 1295 4088 constans
1313 4024 1345 4089 in
1362 4015 1565 4090 totoeslluxu
1582 4073 1592 4105 ,
1611 4020 1717 4091 donec
1736 4047 1799 4094 va·

439 4109 473 4187 sa
495 4109 555 4184 smt
574 4116 699 4214 penitus
718 4107 867 4183 exhausta
880 4166 891 4198 ,
903 4135 929 4180 ae
954 4134 995 4181 ua
1009 4043 1184 4210 utrbbique
1199 4110 1351 4185 velocitas
1367 4114 1474 4186 sutura
1487 4115 1544 4189 est.
1588 4116 1675 4186 Cum
1697 4115 1799 4216 igitur

440 4209 628 4281 velocitates
644 4214 676 4280 in
696 4205 820 4281 duobus
839 4204 919 4279 vasrs
931 4134 999 4278 (bnt
1021 4207 1178 4306 aquales,
1192 4213 1292 4279 exitus
1307 4221 1341 4283 δι
1358 4209 1519 4283 foramina
1536 4218 1630 4310 aque
1652 4234 1800 4309 pateant,

440 4325 589 4402 tempora
614 4308 836 4376 exinanitionis
864 4298 996 4378 interse
1017 4329 1089 4377 earn
1116 4301 1280 4376 habebunt
1301 4310 1484 4395 rationem,
1510 4333 1610 4408 quam
1637 4330 1799 4404 aquarum

439 4406 625 4474 exeuntium
648 4401 776 4488 moles,
798 4393 1199 4500 leubaste-cylindrorum.
1237 4400 1347 4498 Atque
1366 4403 1558 4477 econverso
1588 4399 1611 4473 st
1636 4401 1799 4476 foramina

439 4521 513 4570 eam
534 4499 617 4570 inter
632 4494 662 4569 se
680 4494 819 4568 habeant
832 4499 990 4567 rationem
1034 4522 1109 4570 tram
1126 4494 1214 4568 bases
1235 4549 1246 4582 ,
1270 4516 1335 4567 tem
1361 4523 1396 4571 us
1416 4503 1534 4598 integri
1554 4498 1692 4570 eslluxus
1707 4521 1804 4572 utro-

440 4590 540 4693 bique
564 4593 687 4694 oequale
710 4596 795 4663 erit:
815 4588 873 4663 nifi
887 4592 967 4690 quid
987 4524 1175 4690 diluiuum
1191 4616 1231 4665 ex
1250 4525 1426 4668 tutelone
1449 4617 1505 4668 aut
1519 4592 1651 4668 affiiuu
1665 4599 1803 4687 oriatm,

442 4700 530 4784 cujus
544 4689 608 4763 hoc
622 4693 657 4762 in
671 4690 748 4763 loco
767 4713 834 4759 non
848 4686 981 4760 babetur
996 4696 1090 4767 ratio.

490 4791 533 4862 x·
544 4793 624 4893 Qu
639 4788 699 4866 ista
719 4781 1035 4881 fierentillulltiora,
1052 4812 1161 4916 unum¹
1175 4793 1258 4884 item
1271 4816 1310 4875 ec
1329 4790 1467 4873 alterum
1485 4787 1614 4897 sakkum
1633 4790 1681 4867 elt
1701 4812 1804 4894 eupe-¹
