3646 5430
292 326 364 442 ιη’
615 328 1320 423 ιιειιιιιεειειιτιιιιιιι
1391 368 1396 379 -
1472 288 1474 293 ’

159 437 405 555 'diuueQare
416 434 756 555 motusfmuseulorum
768 427 1180 548 nontantumdspiritibus
1192 432 1333 533 pendet,
1351 426 1519 507 sedetiam
1538 431 1560 507 d
1577 432 1641 511 fin·

161 539 256 632 ³⁶5⁶·
295 562 393 641 gorne
409 545 443 612 dt
463 543 558 625 a'ere,
575 535 691 703 purbus
704 531 751 605 rllr
770 525 997 606 intumescunt.

347 641 379 706 X
392 640 420 708 1.
493 634 558 705 udd
586 659 596 703 r
616 637 712 732 igitur
728 624 853 728 spiritus
871 625 1024 700 animales
1036 629 1071 698 in
1085 651 1141 702 eos
1159 623 1304 699 ferantur
1326 624 1516 718 musculos,
1538 629 1645 726 quibm

295 729 463 806 brachium
509 731 648 817 colitur,
667 750 738 801 tum
752 730 776 797 ii
797 720 1103 796 contradiderunt
1124 721 1292 796 Brachium
1313 776 1326 810 ,
1345 731 1383 798 dt
1398 721 1512 798 secum
1530 725 1645 803 trehma

295 853 352 901 cos
364 823 524 899 musculos
537 824 653 922 quibus
666 821 835 894 brachium
853 818 1045 895 extenditur.
1068 814 1218 918 ldquefit
1231 818 1397 919 duplicem
1419 816 1465 890 ob
1486 827 1647 912 rariorem,

295 927 439 1023 primum
451 926 539 994 enim
551 920 633 1012 fibra
647 911 824 991 transversa
844 915 1009 1008 clasticae,
1067 939 1178 1014 uaeque
1212 938 1331 1012 corpur
1356 911 1643 990 musculiflcden·

296 1024 338 1092 tis
355 1018 554 1116 pervadunt,
571 1014 719 1089 obsistere
740 1037 809 1083 non
823 1011 950 1111 pollunt
971 940 1108 1086 renlssni
1127 1035 1228 1108 quam
1247 1007 1400 1109 spiritua,
1414 1017 1473 1083 a'e'r
1494 1022 1528 1088 dc
1542 1006 1649 1111 fingor

297 1110 443 1188 efficiunt
464 1117 498 1183 in
517 1111 603 1185 fibris
624 1115 777 1195 carneis,
805 1110 866 1181 illae
886 1112 968 1182 adeo
988 1108 1207 1210 producuntur
1233 1162 1245 1196 ,
1285 1117 1319 1177 dc
1344 1105 1434 1180 fiunt
1464 1107 1643 1209 obliquioco

298 1213 401 1308 qudm
424 1229 541 1295 antea,
556 1211 635 1280 dum
651 1229 741 1279 crant
767 1203 913 1282 laxiores.
950 1204 1077 1280 Deinde
1102 1205 1269 1302 pauciores
1291 1200 1426 1302 spiritur
1445 1209 1484 1275 in
1506 1204 1647 1280 musculo

297 1302 476 1378 extensorcs
489 1302 687 1391 illabuntur,
704 1323 862 1398 quantum
880 1298 996 1376 sufficit
1009 1324 1123 1372 eorum
1142 1305 1216 1372 vitre
1239 1325 1248 1370 t
1271 1323 1382 1397 neque
1397 1303 1486 1372 adeo
1510 1300 1586 1375 saris
1599 1301 1641 1372 lu·

297 1398 376 1471 bcnt
397 1405 516 1475 virium
536 1459 545 1487 ,
572 1421 606 1471 ut
634 1405 737 1471 motui
754 1395 952 1472 llcdientium
967 1393 1185 1469 musculorum
1205 1391 1358 1470 resistant.
1397 1396 1465 1468 Sed
1480 1397 1538 1471 ubi
1550 1396 1647 1471 αὖα

147 1488 153 1504 ’
295 1490 428 1594 spiritusv
444 1499 477 1565 in
496 1487 658 1567 musculos
670 1496 802 1568 llcxorts
818 1492 940 1566 brachii
959 1491 1073 1579 illabi,
1093 1515 1193 1585 atque
1215 1492 1249 1562 in
1272 1489 1464 1565 extensores
1491 1493 1646 1584 feruntur,
1685 1550 1688 1569 .

297 1614 367 1663 tum
391 1591 439 1663 his
458 1594 631 1663 contraibis
643 1593 696 1664 alii
707 1591 860 1663 laxantur.
888 1595 1019 1662 Humum
1039 1591 1127 1659 enim
1142 1583 1228 1658 libra
1240 1572 1378 1660 clallicae
1392 1593 1468 1662 vim
1484 1588 1643 1690 spirituum,

321 1713 367 1759 ure
381 1712 508 1761 carneas
520 1684 613 1777 fibras
632 1685 811 1774 inflabant,
835 1712 903 1758 norr
917 1685 1054 1784 amplius
1077 1681 1240 1770 sentiunt,
1260 1691 1296 1757 dc
1318 1687 1650 1762 contrastiortahde

294 1711 422 1882 dpirirus
439 1784 592 1855 animales
606 1790 693 1881 poris
714 1778 867 1853 fibrarum
888 1807 1077 1855 carucarum
1092 1776 1230 1852 inclusor
1249 1778 1432 1879 expellunt.
1482 1789 1571 1858 Dum
1590 1810 1645 1859 ou·

294 1890 371 1952 neas
394 1903 468 1951 ante
491 1877 627 1951 divulsas
644 1883 775 1978 propius
793 1879 954 1951 adducunt
976 1935 987 1966 ,
1010 1875 1195 1975 sanguinem
1224 1877 1307 1948 adeo
1325 1884 1364 1949 dc
1398 1884 1478 1954 a‘e'ra
1498 1906 1535 1954 tx
1552 1880 1655 1981 [pariit

293 1978 467 2069 interjedh's
480 1980 514 2046 in
525 2000 620 2046 venas
638 1998 776 2047 remeare
794 1997 920 2072 cogunt
928 2029 939 2062 ‚
952 1997 1051 2071 atque
1065 1977 1109 2043 ita
1124 1969 1332 2045 musculos-in
1346 1977 1527 2050 naturalem
1536 1979 1654 2052 darum

295 2071 462 2235 rtfpptuunt
484 2069 602 2142 tsccus
626 2069 668 2143 ab
695 2071 904 2168 antagoniflia
939 2069 1112 2144 contradis
1141 2067 1311 2169 produci,
1348 2093 1418 2146 aut-
1435 2073 1555 2147 dillmdi
1580 2099 1656 2148 nm.

297 2191 342 2266 po
367 2189 431 2236 ent.

352 2266 385 2333 X
399 2267 421 2334 1.
430 2267 456 2333 l·
480 2266 526 2335 Ex
542 2263 659 2357 quibus
673 2264 779 2363 palam
791 2264 837 2337 est
849 2262 1009 2361 triplicem
1023 2283 1151 2333 morum
1166 2266 1200 2336 in
1212 2257 1368 2336 musculis
1389 2263 1542 2363 distingui
1560 2294 1648 2368 opor.

295 2379 373 2431 tere.
404 2358 530 2432 Primus
546 2359 590 2431 est
607 2361 828 2450 voluntarius,
848 2364 905 2456 qui
918 2360 1487 2458 contradionitdicituc,quiqueex
1500 2358 1649 2466 spirimun

294 2449 416 2528 allluxu
430 2453 667 2552 proficiscitur,
691 2465 724 2530 dc
746 2482 784 2528 ex
808 2461 926 2528 animae
945 2479 1025 2528 nutu
1049 2456 1175 2553 pendet.
1220 2454 1391 2528 Secundus
1415 2456 1464 2528 cll
1494 2462 1658 2552 nammli,

293 2576 371 2622 curn
384 2548 470 2620 fibrae
487 2553 814 2645 carncerclaxantur,
838 2555 936 2649 idque
958 2576 1069 2623 earum
1093 2548 1247 2622 fibrarum
1267 2574 1331 2646 ope
1347 2577 1454 2719 ,epum
1475 2548 1548 2633 sunt
1566 2557 1652 2632 elate·

294 2648 487 2719 riodonarae
515 2680 525 2738 3
550 2673 688 2746 quaeque
715 2646 809 2722 fibras
837 2673 964 2720 carneas
981 2649 1119 2718 constrin
1145 2669 1202 2718 unt
1221 2650 1301 2717 citra
1320 2651 1523 2725 vicentiam
1554 2654 1653 2727 ullam

298 2745 427 2817 neruus
447 2744 582 2816 musculi
603 2768 710 2818 motus
728 2747 772 2818 est
797 2743 1043 2842 quodammodo
1067 2673 1256 2831 violentus,
1286 2767 1368 2814 cum
1392 2741 1437 2815 ab
1469 2754 1658 2852 angoris&

215 2879 216 2882 π
296 2836 356 2910 suo
372 2836 554 2911 distenditur
568 2868 577 2916 t
591 2866 668 2913 nam
683 2839 842 2914 musculus
863 2845 968 2911 omnis
988 2836 1029 2909 ab
1053 2840 1253 2937 antagonistae
1278 2841 1458 2913 contrado
1476 2849 1661 2926 ceramium,

297 2936 359 3006 Ista
380 2934 513 3030 quidem
528 2962 681 3036 magnam
694 2936 918 3034 praeseferunt
931 2931 1187 3033 probabilitatem
1205 2970 1216 3026 ;
1239 2958 1350 3030 neque
1372 2936 1466 3011 aliud
1491 2947 1586 3039 quari
1601 2943 1655 3015 de⁴

297 3027 353 3102 bet
372 3034 406 3101 in
427 3055 460 3102 re
473 3033 648 3105 admodum
667 3031 821 3123 obscura,
844 3033 950 3131 qualis
975 3030 1140 3103 estmotut
1152 3025 1375 3104 musculorum
1387 3036 1664 3125 3..stru&umera·

298 3148 414 3196 corum
437 3134 537 3227 magis
556 3129 600 3200 est
620 3128 808 3229 explorata..

299 3328 1301 3478 mdmfflmmmmmmm
1321 3346 1662 3473 Σ<>;τ·ζςςιε,ῖ

563 3621 902 3720 §Ecum
964 3622 1394 3802 OCTAVA:

685 3846 755 3939 De
797 3838 909 3938 rebus
943 3840 1269 3941 Mathematicir..

379 4134 381 4138 ,
406 4053 540 4156 Physica
557 4056 782 4130 ad'mathefim
801 4061 992 4134 commodus
1011 4020 1228 4134 erit-transitur
1240 4085 1295 4161 per
1310 4063 1660 4165 nummorumque

386 4167 388 4170 ⁴
407 4179 444 4229 ex
461 4175 595 4251 utraque
606 4158 732 4241 yidetur
746 4156 887 4227 constare
898 4214 910 4246 ,
921 4182 1059 4259 quaque
1072 4155 1136 4230 boc
1148 4184 1236 4232 anno
1247 4165 1413 4260 imprimis
1434 4166 1567 4242 exculta
1582 4164 1659 4258 ἢν,

303 4251 395 4351 abiis
411 4273 486 4353 quae
498 4253 604 4348 magis
624 4245 747 4322 suntrx
759 4249 839 4343 usu,
856 4251 1010 4330 ducamus
1031 4254 1223 4329 exordium..

873 4450 1108 4582 Q.
