3646 5430
296 402 356 452 tot
499 444 502 449 .
597 363 1309 449 -REGIAESCIENTIARUM

150 463 188 531 ,Α
202 486 227 533 tr
239 490 276 540 u.
293 497 361 543 rem
379 469 507 542 reddere
525 468 656 566 quidam
678 463 863 550 assererent,
892 465 989 532 iidem
1012 457 1234 571 injectionibus
1255 482 1328 532 eam
1350 455 1430 572 dilui
1450 466 1486 534 de
1511 459 1644 632 abun?

160 561 252 633 1681.
292 570 393 638 testati
405 565 488 638 sunt.
515 594 544 637 a.
572 566 670 635 Hanc
681 560 741 632 else
753 561 928 632 admodum
946 554 1152 626 balsamrcam
1171 550 1373 626 confirmavit
1390 560 1436 630 D.
1448 557 1559 634 burel.

290 658 385 734 debat
401 665 447 737 D.
461 659 598 733 Dodard
608 663 643 728 in
656 661 884 754 praeparatione
904 650 1042 724 sacchari
1059 645 1205 747 spumam
1219 647 1260 719 ab
1273 674 1311 720 ea
1323 647 1462 732 discuti,
1488 658 1538 725 uti
1548 652 1640 730 etiarn

289 751 325 826 ht
342 760 375 826 in
395 761 515 827 recenti
528 753 677 849 sanguine
697 752 715 823 ὃ
738 775 819 825 vena
840 747 965 822 emisso.

336 858 402 922 vl.
443 859 495 925 De
523 848 607 920 sonis
635 871 769 945 quoque
789 849 862 916 data
885 841 1051 915 oceahone
1069 838 1225 915 nonnulla
1249 837 1353 911 obiter
1377 839 1450 914 sunt
1480 865 1632 927 auuoutr,

287 943 370 1017 lllud
388 971 435 1017 ex.
451 947 534 1043 μὴ
552 949 597 1018 D.
615 944 747 1013 Blondel
761 938 987 1024 observatum,
1014 963 1104 1035 aquae
1124 931 1246 1031 scypho
1267 939 1371 1008 vitreo
1390 960 1545 1031 contente
1564 940 1627 1017 dun

285 1046 362 1111 uitri
385 1046 542 1138 margines
563 1040 665 1136 digito
678 1060 890 1136 premuntur,
907 1031 1088 1105 ebullientis
1108 1053 1223 1130 parvos
1247 1029 1392 1105 circelloe
1425 1033 1624 1134 conduplicat·

286 1135 685 1208 cummunionem
706 1138 849 1231 pervenit
866 1186 877 1217 ,
892 1128 982 1226 quud
1002 1152 1109 1202 motus
1121 1126 1159 1198 fit
1171 1121 1272 1219 duplo
1282 1124 1440 1203 velocior.
1655 1145 1657 1149 ·

345 1231 491 1304 Addebat
513 1236 557 1302 D.
573 1235 729 1302 Mariotte
747 1231 780 1298 in
800 1226 877 1299 tuba
891 1224 1020 1296 militari
1030 1246 1207 1296 extremam
1220 1225 1254 1290 δι
1272 1216 1422 1293 latiorem
1437 1246 1616 1320 partemnrn

288 1348 424 1398 tremere
437 1384 448 1415 ,
460 1352 535 1398 cum
550 1319 644 1397 sonus
657 1326 701 1397 est
712 1328 840 1423 gravior
858 1356 868 1411 ς
882 1341 918 1390 ut
936 1343 1008 1417 pars
1026 1319 1129 1390 media
1142 1316 1251 1387 fremit
1261 1316 1295 1385 in
1307 1315 1457 1421 diapente
1469 1321 1614 1411 3312QO

288 1447 368 1494 vero
382 1446 490 1496 motus
505 1427 540 1495 in
559 1423 674 1494 ostava
691 1415 866 1518 superiores
882 1411 959 1506 tube
973 1438 1076 1512 partes
1090 1414 1248 1484 concutit.

638 1782 654 1811 ·
738 1743 1015 1830 canui
1102 1745 1214 1830 111.
1338 1678 1341 1683 ⁵

289 1964 345 2035 De
363 1956 411 2036 iis
428 1981 499 2068 qua
523 1918 705 2064 adlr'strut
721 1980 798 2036 cum
819 1950 1015 2032 ludovicus
1036 1962 1186 2063 Magnus
1203 1941 1458 2039 arenariam
1487 1956 1617 2075 iuviſset
1654 2054 1658 2077 Ι

840 2068 1013 2174 dignatus
1035 2067 1090 2172 ιβ.

284 2252 470 2424 '1·Dle
485 2292 515 2358 5.
532 2259 722 2334 Decembris
743 2259 926 2368 ludovicus¹
942 2259 1084 2353 Magnus
1106 2249 1172 2366 suae·
1189 2257 1364 2346 Maiestatis
1381 2254 1541 2356 prasentia
1552 2267 1618 2351 An.

434 2357 572 2428 demiam
587 2355 827 2426 cohonestatam
840 2350 952 2425 voluit.
980 2354 1058 2424 Una
1075 2372 1149 2420 cum
1164 2349 1222 2421 illo
1235 2355 1366 2425 aderant
1377 2351 1523 2431 Sertorii
1542 2365 1618 2439 Pran-

290 2449 346 2518 ciae
366 2451 566 2550 Delphinus,
579 2456 684 2521 Frater
694 2453 794 2547 Regis
803 2450 947 2526 Unicus,
961 2440 1106 2516 Serenill.
1122 2449 1199 2516 Dux
1209 2473 1294 2519 nunc
1306 2453 1460 2551 Princeps

289 2549 325 2615 dc
338 2543 393 2617 alii
406 2551 564 2646 primariae
584 2541 759 2617 nobilitatis
781 2547 864 2617 viri.
897 2539 984 2614 Cum
1005 2543 1077 2621 Rex
1105 2537 1338 2615 bibliothecam
1357 2543 1531 2636 lustrasset,
1544 2548 1618 2622 labo·

216 2700 222 2715 ,
287 2647 466 2729 ratotium,
480 2664 515 2712 ut
529 2663 673 2728 vocant,
695 2635 747 2708 seu
764 2632 928 2708 officinam
943 2636 1111 2735 Chymicis
1132 2632 1295 2709 laboribus
1313 2639 1502 2713 destinatam
1522 2645 1617 2737 inuit,

288 2729 346 2802 ubi
360 2738 506 2831 quaedam
518 2736 610 2832 hujus
621 2738 696 2805 attis
708 2722 881 2831 specimina
899 2739 944 2808 D.
967 2731 1091 2804 Duclos
1110 2727 1264 2806 exhibuit.
1295 2739 1442 2808 Primum
1455 2763 1544 2832 aqua
1564 2766 1617 2812 nu·
1655 2782 1659 2805 .

287 2828 364 2896 rinae
383 2832 642 2928 coagulationem
661 2832 694 2898 in
724 2852 891 2900 momento
910 2824 1018 2900 effecit
1041 2883 1052 2914 ,
1074 2827 1149 2896 oleo
1172 2820 1242 2896 usur
1263 2834 1376 2900 tartari
1397 2853 1438 2899 eo
1479 2856 1523 2904 uo
1540 2835 1617 2934 supu

288 2919 411 2996 dietum
434 2926 479 2996 est
500 2926 612 2999 modo.
634 2952 666 2998 2.
686 2920 772 2993 Sales
785 2921 938 3016 quosdam
950 2927 1123 2994 acerrimos
1142 2975 1154 3006 ,
1174 2922 1353 3014 cuiusmodi
1371 2924 1415 2995 esi
1439 2856 1479 2996 sll
1500 2935 1619 3016 tartari,

289 3021 324 3086 in
343 3038 461 3094 terram
473 3018 640 3119 infipidam
657 3019 801 3090 redastos
814 3017 969 3107 ostendit,
1006 3017 1071 3089 uod
1087 3019 1182 3086 variis
1194 3014 1372 3089 lotionibus
1390 3016 1539 3094 effidbum
1559 3024 1618 3097 suit.

288 3115 552 3277 Jhppidtmvim
566 3120 730 3281 mappam
744 3111 880 3185 exsoluti
897 3167 909 3202 ,
929 3138 968 3185 ac
1033 3134 1128 3182 mruae
1152 3108 1237 3183 illius
1262 3114 1524 3206 distillationem,
1548 3129 1618 3216 cuju

287 3229 307 3275 a
355 3231 434 3280 siue
550 3235 586 3282 us
621 3234 638 3280 t
686 3231 743 3282 cu.

281 3390 285 3401 Ι
338 3306 390 3376 11.
413 3236 657 3378 Emllablblatrlrio
669 3301 775 3373 aulam
789 3309 823 3374 in
840 3329 904 3402 qua
920 3300 1107 3376 Academici
1123 3326 1212 3376 etant
1231 3329 1316 3402 cong
1391 3313 1418 3378 ti
1435 3312 1508 3381 Rex
1519 3308 1617 3409 irgres·

285 3391 360 3484 sus,
396 3405 514 3473 timum
526 3399 573 3471 illi
584 3423 681 3498 opera
692 3404 759 3491 jam
768 3401 878 3488 edita,
894 3422 1029 3498 queque
1040 3405 1170 3470 erantin
1183 3400 1328 3470 ordinem
1366 3405 1486 3498 igella,
1505 3408 1617 3478 omisit

287 3495 333 3566 D.
385 3491 489 3567 olbert
500 3552 511 3583 ,
523 3516 594 3565 tum
609 3519 646 3566 ea
660 3500 875 3590 quaeerantin
888 3494 993 3565 lucem
1006 3493 1179 3590 proditura.
1198 3493 1397 3565 Animalium
1407 3502 1616 3571 terrestriuml

286 3590 334 3660 D.
355 3589 518 3676 Perrault‚
533 3584 666 3687 piscium
674 3589 785 3659 itidem
798 3595 939 3663 iconesa
954 3595 996 3661 D·
1012 3591 1052 3659 de
1067 3587 1096 3658 la
1111 3593 1193 3659 Hire
1203 3586 1393 3676 delineatae,
1404 3589 1500 3665 simul
1512 3595 1615 3692 aliquot

284 3680 464 3779 stirpiumfi
488 3710 558 3757 uras
569 3690 719 3755 attentius
742 3680 888 3782 inspexit.
909 3690 1000 3756 Tum
1016 3706 1081 3780 qua
1098 3678 1176 3753 solet
1196 3681 1395 3755 humanitate
1423 3690 1615 3762 Academicos

241 3852 243 3857 ⁴
284 3771 399 3849 affatur
413 3805 422 3849 :
437 3711 515 3850 nihil
527 3774 686 3849 necessum
695 3779 740 3849 est
751 3834 763 3865 ,
774 3776 1000 3876 inquit‚voss
1015 3800 1091 3848 onte
1104 3799 1264 3848 curreutes
1276 3781 1426 3862 incitare,
1445 3776 1613 3879 quoreidro

285 3874 438 3940 navandae
453 3896 556 3966 operae
568 3873 700 3969 cupidos
717 3882 752 3945 δι
762 3877 802 3946 ad
815 3873 958 3946 laborem
975 3807 1061 3945 ultro
1073 3870 1161 3948 fetri.

336 3965 430 4038 111.
470 3968 617 4038 Tandem
635 3966 711 4036 duas
735 3967 806 4040 illas
832 3968 995 4042 machinas
1022 3991 1158 4064 quatum
1184 3964 1275 4065 supra
1306 3976 1516 4046 meminimus
1537 3977 1611 4048 11).

288 4056 433 4128 Roe'mer
449 4085 505 4131 exc
550 4061 742 4135 iratas&ab
764 4066 917 4136 industrio
929 4061 1050 4135 artifice
1072 4061 1246 4135 elaboratas
1271 4073 1305 4135 δι
1331 4064 1490 4163 perfedbs
1508 4075 1611 4141 intem

289 4157 399 4222 animo
423 4158 493 4227 Rex
538 4154 669 4255 ispexit,
694 4184 831 4255 quatum
846 4184 910 4231 una
926 4155 1085 4251 Eclipset,
1110 4160 1207 4229 altera
1226 4155 1384 4232 theoriam
1402 4162 1611 4247 rumano,

290 4253 326 4317 δι
340 4269 462 4319 eorum·
478 4253 630 4349 periodos
643 4250 787 4327 exhibet.
807 4260 854 4329 Ex
876 4255 976 4352 priori
990 4273 1058 4321 cern
1083 4273 1140 4320 ora
1164 4248 1327 4347 eclipseon
1346 4254 1431 4324 Solis
1456 4265 1494 4329 de
1512 4261 1610 4341 lum,

287 4365 360 4439 quae
374 4342 532 4421 haetenus
543 4355 720 4424 extiterunt
739 4373 799 4422 aut
808 4352 925 4424 littura
939 4346 1012 4419 sunt
1022 4404 1035 4438 ,
1047 4277 1192 4447 ‹hgnosci
1203 4343 1331 4444 polstmt
1341 4384 1352 4440 ;
1363 4352 1532 4450 utriusque
1543 4355 1611 4427 llru·

287 4443 415 4516 sturam
434 4448 581 4547 exposuit
603 4454 647 4523 D.
667 4447 802 4524 Cassurl.

330 4541 453 4645 Neque
466 4547 531 4616 hoe
544 4546 621 4616 locu
635 4548 781 4619 alienum
792 4545 889 4618 hierit
895 4546 1075 4629 librorum,
1089 4545 1147 4639 qui
1159 4563 1231 4612 tum
1245 4564 1312 4613 uem
1336 4548 1402 4615 otis
1412 4549 1447 4615 in
1458 4543 1610 4645 publium
1648 4586 1652 4595 ·

285 4631 387 4714 emiffi
402 4646 532 4718 fitetant
543 4645 735 4744 catalogtun
756 4642 920 4741 subjicere.
959 4639 1104 4716 Primilm
1118 4662 1292 4714 occruruut
1305 4567 1538 4742 ‹lescriptionet
1552 4642 1614 4713 ani-

287 4731 426 4819 malium
439 4769 507 4823 uuo
521 4742 690 4826 volumine
703 4737 940 4844 comprehensu
952 4797 965 4835 ,
988 4748 1082 4840 cujus
1094 4735 1190 4839 supra
1201 4742 1425 4817 mermmmus.
1451 4739 1615 4826 Hiclallul
