3646 5430
341 376 689 455 scansuro
735 381 1049 456 HISTORIA.
1078 385 1227 459 tntu.
1437 397 1499 481 ιι,
1572 449 1576 458 ,

150 478 267 552 narium
282 476 464 561 foramina,
487 502 556 572 quae
575 478 681 574 ampla
695 475 767 547 sunt
781 475 973 550 &deorsum
988 480 1121 550 tendunt
1135 508 1144 552 ι
1159 483 1266 578 lingua
1294 476 1371 548 dura
1393 481 1436 549 est
1462 495 1496 554 dc
1512 479 1627 578 Physt-

148 575 349 672 cartilaginea
370 633 380 662 ‚
407 579 440 643 in
461 596 600 668 utroque
619 572 821 642 latereinstar
838 568 924 642 serrae
944 572 986 642 stc
997 575 1124 645 dentata
1143 633 1155 665 ,
1177 601 1213 648 ut
1240 566 1379 672 cuspides
1394 573 1497 648 versus
1513 601 1562 650 ca.

148 693 252 765 guttur
268 674 464 766 dirigantur,
480 672 603 737 aurium
621 666 781 737 foramina
795 673 929 738 exterius
948 689 1071 765 patent.

191 765 331 834 Collum
347 762 466 860 infigne
486 763 549 845 est,
564 763 721 857 longum,
737 758 892 848 crassum,
924 771 957 834 δι
977 764 1144 858 implume·
1184 771 1291 859 Hujus
1317 760 1396 837 bafis
1424 767 1498 864 plu·

148 860 238 930 mulis
250 859 399 930 tenuibus
421 858 609 928 candidis&
628 846 842 954 longisffrstar
859 856 995 927 amidtls
1019 857 1094 929 linei
1116 869 1150 932 &
1178 864 1338 956 corrugati
1361 914 1371 945 ,
1398 861 1450 930 vul
1477 869 1498 932 o

148 955 250 1044 Praise
268 1011 278 1033 ‚
296 979 440 1024 ornatur.
474 955 538 1023 His
561 951 677 1049 plumis
694 959 726 1022 in
748 948 801 1020 fila
826 951 961 1022 diduslis
977 962 1010 1023 δι
1033 961 1190 1025 contortis
1217 980 1286 1052 pars
1310 955 1386 1025 colli
1415 883 1499 1026 inse-

148 1055 208 1119 ior
223 1055 366 1148 cingitur
382 1083 391 1135 ·,
405 1071 475 1142 quae
490 1045 630 1115 multum
643 1045 819 1144 discrepant
833 1045 854 1115 ὲ
869 1047 1010 1116 molliori
1035 1046 1144 1136 pluma
1163 1107 1172 1135 ,
1193 1049 1293 1146 vulgo
1309 1047 1336 1111 le
1356 1054 1498 1131 Duvrt,

148 1170 208 1239 qua
223 1169 341 1242 corpus
353 1141 454 1240 ipsum
469 1144 550 1237 pene
563 1164 669 1209 totum
687 1144 839 1213 munitur.
882 1144 971 1211 Nam
987 1141 1019 1211 hi
1032 1142 1103 1213 villi
1122 1145 1225 1216 multd
1244 1144 1405 1216 breviores
1428 1143 1501 1216 sunt

148 1248 176 1311 3<
192 1238 417 1311 confertiores.
456 1240 545 1308 Hinc
562 1237 650 1332 pellis
664 1232 775 1305 villosa
789 1237 930 1304 calorem
942 1259 1058 1334 auget,
1081 1241 1168 1334 quod
1191 1237 1338 1309 halitus&
1363 1265 1502 1338 corpore

148 1354 347 1430 erumpentes
370 1336 561 1419 co'e'rceant,
577 1356 615 1401 ac
634 1330 775 1405 tremulo
797 1353 890 1406 motu
910 1330 1062 1403 villorum
1082 1339 1147 1405 und
1172 1337 1277 1408 coedi
1297 1333 1437 1406 calorem
1451 1342 1499 1407 in.

148 1428 296 1501 tendant.

198 1529 282 1620 Qec
295 1519 363 1594 sunt
376 1547 478 1621 partes
497 1526 667 1594 exteriores
686 1576 697 1607 ,
725 1521 863 1591 rostrum
885 1524 1042 1620 imprimis
1068 1532 1103 1597 dc
1150 1528 1222 1597 edes
1241 1523 1333 1596 valdd
1353 1527 1468 1598 adunci
1488 1585 1500 1616 ,

148 1624 215 1693 evis
228 1623 401 1689 carnivora
414 1677 424 1706 ‚
437 1641 573 1715 quaque
587 1641 625 1687 ex
638 1619 740 1713 pradis
753 1619 851 1696 vivit,
875 1615 1012 1713 speciem
1036 1645 1099 1719 prae
1116 1550 1149 1691 sd
1170 1621 1276 1691 ferunt
1296 1653 1306 1709 3
1337 1626 1502 1695 interiores

148 1739 255 1790 nmen
274 1738 377 1811 partes
389 1717 534 1785 videntur
548 1718 585 1782 iis
602 1716 774 1781 convenire
787 1710 897 1782 avibus
909 1737 978 1806 quae
995 1720 1100 1811 granis
1121 1714 1289 1814 pascuntur
1319 1743 1327 1787 :
1357 1741 1432 1786 nam
1467 1728 1502 1792 ὅ(

148 1811 288 1910 *ngluvie
308 1867 318 1895 ‚
335 1817 370 1880 dt
388 1809 567 1879 ventriculo
579 1805 735 1883 carnoso,
755 1828 790 1875 ut
804 1810 838 1875 in
854 1807 971 1902 gallina
991 1820 1025 1881 &
1050 1810 1201 1881 columba
1229 1811 1387 1898 donatur,
1406 1821 1504 1911 partis

148 1902 331 1979 musculosa
345 1901 429 1974 fibrae
443 1909 476 1974 in
492 1902 555 1972 hoc
567 1900 745 1973 ventriculo
763 1897 938 1998 conspicuae
951 1926 1039 1977 erant
1051 1962 1061 1992 ,
1072 1931 1143 2002 quae
1160 1911 1192 1976 in
1203 1908 1270 1976 duo
1281 1904 1368 1976 velut
1381 1931 1501 1997 centra,

148 2000 195 2073 seu
214 2007 251 2074 in
265 1997 484 2070 musculorum
500 2000 642 2070 tendines
654 1993 848 2070 defluebant.
871 1999 944 2067 Nec
957 2020 1065 2071 tamen
1080 2001 1274 2072 ventriculus
1291 2001 1370 2070 adeo
1386 1998 1502 2075 solidus

148 2097 188 2168 est
201 2093 387 2180 urceolus,
407 2118 505 2190 atque
516 2098 549 2162 in
584 2093 698 2180 allino,
716 2115 775 2161 nec
789 2089 901 2181 rubet,
913 2087 965 2163 sed
981 2095 1129 2168 candidus
1149 2097 1194 2168 est
1216 2124 1225 2169 ι
1249 2096 1416 2169 oviduetus
1441 2124 1503 2171 an-

148 2186 326 2264 fratemsus
343 2192 387 2260 est
401 2214 436 2261 ut
450 2195 482 2259 in
498 2120 643 2259 Gallinis.

193 2296 240 2361 V.
267 2279 381 2357 Ensem
400 2285 489 2384 piscis
506 2307 603 2378 quem
626 2278 757 2378 spadum
770 2304 914 2371 vocant,
933 2285 1035 2355 rostro
1052 2283 1183 2358 affixum
1202 2290 1338 2360 ostendit
1359 2292 1404 2360 D.
1428 2295 1504 2362 Per-

148 2381 244 2456 tault.
269 2377 356 2452 liniis
371 2385 536 2474 utrimque
554 2378 671 2448 aculeis
684 2399 738 2445 aut
749 2375 844 2472 spinis
858 2375 945 2471 quasi
968 2381 1104 2451 totidem
1127 2383 1272 2454 dentibus
1293 2383 1386 2453 valde
1404 2390 1505 2455 acutis

148 2480 305 2551 muratus.
338 2474 387 2547 lli
401 2477 509 2544 dentes
523 2470 716 2542 membrana:
738 2469 793 2567 ipsi
816 2470 923 2543 inserti
949 2496 1024 2541 cum
1040 2475 1190 2547 oilenon
1207 2476 1376 2546 cohaerent.
1414 2478 1504 2548 Idem

148 2570 340 2645 animalium
352 2567 515 2642 historiam
529 2569 572 2636 est
586 2564 765 2662 persecutus
785 2575 819 2640 de
832 2572 934 2637 varias
955 2589 1071 2638 eorum
1098 2568 1350 2669 descriptiones,
1376 2590 1412 2637 ut
1433 2568 1507 2642 felis

149 2668 316 2831 pelsotag,
329 2670 433 2765 Tigris
445 2661 609 2759 utriusque
622 2658 711 2731 sextis
733 2715 745 2748 ,
770 2661 958 2751 Pantherae,
974 2657 1016 2735 fic
1042 2665 1239 2740 Onocrotali
1254 2665 1344 2737 leslae
1373 2659 1445 2736 sunt
1465 2674 1505 2770 ⁴&

174 2783 243 2831 rcu
295 2807 304 2824 .

205 2860 280 2930 Vl.
305 2853 432 2929 Cameli
449 2854 570 2926 diffeui
584 2876 687 2953 partes
702 2853 863 2926 distinctas
879 2855 1022 2929 exhibuit
1044 2862 1092 2928 D.
1107 2858 1150 2928 du
1172 2863 1260 2928 Vern
1318 2915 1329 2946 ,
1348 2856 1507 2934 scabiosus

148 2976 240 3042 etat,
258 2955 424 3050 quiqueei
439 2954 562 3021 rislum
578 2947 752 3048 prebebant
768 2944 914 3023 Versaliis
927 2954 1059 3037 ,eadem
1073 2952 1143 3022 labe
1153 2882 1361 3026 infeetslunt.

200 3053 315 3122 Paucis
328 3047 400 3146 post
413 3045 521 3116 diebus
534 3049 568 3115 in
589 3041 741 3116 morbum
756 3041 905 3116 lethalem
918 3048 1030 3119 incidit
1050 3053 1096 3121 D.
1115 3046 1258 3121 Perrault
1276 3105 1288 3135 ,
1309 3059 1397 3143 cujus
1417 3057 1509 3149 inge.

148 3149 241 3223 nium
254 3152 288 3216 dt
302 3141 516 3213 enrditionem
530 3166 601 3237 quae
613 3160 719 3210 extant
730 3149 797 3229 ejus
816 3164 914 3238 opera
926 3137 992 3238 ipsa
1009 3141 1181 3217 declarant.
1229 3145 1311 3216 Non
1337 3147 1370 3216 in
1393 3144 1508 3244 Physi-

148 3247 195 3314 cis
209 3237 332 3324 modo,
346 3244 381 3308 δι
393 3238 427 3305 in
443 3235 588 3306 medendi
598 3234 747 3321 scientia,
758 3233 811 3306 sed
825 3240 858 3305 in
873 3241 963 3308 omni
967 3262 1059 3397 pene
1070 3243 1188 3309 artium
1200 3262 1315 3334 genere
1328 3296 1339 3326 ,
1351 3248 1384 3312 δι
1397 3246 1429 3312 in
1441 3244 1509 3313 Λι.

148 3335 329 3408 chiteCiura
338 3335 477 3403 maxime
489 3330 648 3402 excelluit.
672 3333 803 3427 Luparae
817 3328 906 3403 frons
929 3382 943 3418 ,v
980 3355 1001 3397 a
1024 3330 1154 3424 Fufaede
1174 3331 1219 3401 du
1242 3337 1396 3415 Lauare,
1417 3360 1510 3408 arcus

148 3426 355 3525 ttlmnphalis
369 3450 405 3521 ty
428 3449 488 3513 us,
503 3434 536 3498 δι
549 3426 611 3496 alia
627 3423 753 3522 publica
772 3449 1004 3513 monumenta,
1016 3451 1173 3522 quantum
1185 3432 1219 3496 in
1234 3425 1294 3496 hac
1307 3449 1374 3498 arte
1388 3432 1509 3527 praesti-

148 3529 247 3610 terit,
262 3548 385 3620 magno
400 3451 470 3592 sirm
486 3523 694 3592 documento.
722 3524 839 3589 Homo
857 3528 924 3590 erat
936 3519 1078 3590 indeselli
1098 3518 1236 3605 laboris,
1253 3518 1416 3592 abundans
1429 3526 1509 3594 doc·

148 3625 239 3694 trina
256 3613 482 3690 &incredibili
512 3617 650 3713 quadam
667 3617 817 3684 varietate
834 3634 940 3681 rerum
960 3622 994 3707 δι
1015 3617 1108 3709 copia
1123 3647 1134 3702 3
1148 3619 1182 3682 in
1195 3612 1367 3710 cogitando
1382 3623 1510 3687 &inve

152 3713 276 3788 nieudo
290 3736 401 3801 acutus
418 3717 641 3811 &promptus
663 3765 675 3797 ,
698 3713 731 3778 in
748 3703 924 3777 differendo
951 3704 1071 3778 subtilis
1099 3765 1111 3798 ,
1137 3711 1295 3778 memoria
1316 3711 1508 3805 posteritatis

151 3808 191 3879 di
239 3831 286 3881 us.
1178 3832 1181 3836 ·

193 3833 301 3976 gdil.
325 3907 370 3976 D.
397 3898 540 3973 Sedileau
556 3898 729 3997 Epistolam
754 3899 776 3970 d
796 3893 1011 3970 carthusiano
1032 3898 1182 3998 scriptam
1207 3907 1330 4001 accepit
1350 3957 1360 3988 ,
1383 3906 1417 3974 in
1446 3929 1512 4001 qua

151 4001 329 4100 cyprinum
344 3995 460 4098 piscem
477 4008 543 4065 nori
560 4019 631 4064 raro
645 3996 783 4066 lndleam
795 4000 829 4064 in
841 4016 951 4064 ventre
964 3996 1098 4094 pulpam
1117 4051 1127 4080 ,
1146 3993 1237 4067 iimul
1259 4004 1292 4068 &
1317 4023 1379 4068 ova
1404 4005 1511 4071 conti-

153 4116 236 4170 nere
251 4093 389 4165 testatur.
411 4093 500 4161 Idem
512 4095 545 4158 in
563 4088 623 4161 alia
636 4091 774 4180 Epistola
787 4092 985 4162 mentionem
1004 4090 1081 4161 fecit
1095 4095 1166 4187 pyri
1187 4117 1224 4162 ex
1241 4091 1307 4160 alio
1327 4100 1509 4190 procreati,

150 4187 251 4290 quale
274 4192 318 4261 D.
334 4187 476 4259 Perrault
492 4186 571 4258 olim
594 4182 800 4270 exhibuerat,
825 4193 860 4254 dc
881 4185 937 4251 ovi
961 4188 1043 4255 intra
1064 4185 1150 4254 aliud
1165 4174 1313 4257 donclufi.
1353 4187 1509 4260 Carcariae

155 4281 247 4387 piscis
259 4271 389 4353 &ntenl
409 4281 553 4353 exhibuit
578 4287 622 4352 D.
647 4282 686 4350 de
704 4278 736 4349 la
752 4285 860 4365 Hire,
908 4280 941 4346 ui
958 4281 1116 4374 praedurus
1138 4305 1205 4353 erat
1222 4291 1255 4353 δι
1276 4279 1399 4354 solidus.
1441 4288 1509 4356 Hic

155 4405 257 4481 prope
274 4382 384 4448 vicum
398 4381 449 4447 cui
465 4401 583 4447 nomen
604 4373 740 4462 soban,
756 4397 868 4470 quarta
881 4303 922 4443 ils
934 4373 1011 4443 urbe
1025 4373 1115 4444 leuca
1131 4378 1277 4447 inventus
1290 4380 1358 4464 est,
1379 4383 1410 4447 in
1427 4402 1509 4452 terra

154 4476 331 4646 {indecem
344 4470 443 4570 usque
456 4472 550 4568 pedes
570 4468 691 4544 effossa.
724 4476 782 4545 Vis
806 4469 953 4565 quaedam
974 4466 1131 4568 lapidifica
1153 4471 1247 4543 inelle
1272 4474 1394 4544 videtur
1417 4473 1511 4570 hujus

242 4591 347 4641 aurs.
1305 4590 1314 4623 r

200 4596 323 4739 vsil.
365 4667 428 4735 ure
450 4692 491 4735 20
514 4660 713 4735 Novembris
735 4666 772 4738 P.
806 4669 912 4734 Govie
939 4659 1096 4734 consellils
1120 4661 1306 4736 Academici
1328 4661 1439 4733 locum
1463 4669 1512 4735 in.

157 4758 274 4869 Μαι
289 4754 491 4864 ,cujusdam
513 4754 659 4858 animalis
678 4781 848 4855 exgenere
867 4763 1094 4834 Etinaceotum
1113 4813 1125 4848 ,
1149 4758 1238 4856 quod
1256 4756 1338 4925 'aLPi
1363 4757 1512 4834 Tachard
