3646 5430
156 337 350 549 ΑἨιςι
545 396 563 453 .·
601 386 802 458 arara
854 375 1308 455 sortiariarum

156 574 239 646 ¹⁶⁸¹·
285 576 1632 730 mammememoemoememmmma

601 839 926 934 suerro
1022 788 1309 935 Noua,

680 1079 750 1173 De
779 1067 927 1173 tAeiis
966 1103 1068 1163 anno
1096 1076 1230 1165 1681.

397 1313 421 1378 B
447 1309 593 1382 Historia
615 1304 802 1377 animalium
822 1357 834 1392 ‚
857 1309 890 1377 dt
920 1298 961 1372 ab
989 1299 1170 1406 Elephantis
1200 1264 1357 1400 imprimis
1375 1295 1560 1376 diffidiare
1572 1304 1618 1377 dr·

397 1429 504 1477 cemus
532 1406 710 1476 exordium.
1563 1465 1564 1468 ,

570 1736 898 1847 cauus
978 1759 1372 1846 Palmum.

291 2072 295 2079 ¹
431 1989 487 2055 De
516 1975 737 2055 Anarmm'cis
774 1966 948 2052 laboribus
979 1994 1070 2050 anno
1106 1975 1243 2059 1681.
1273 1969 1461 2084 ſsstepris,

278 2188 306 2258 t.
330 2184 488 2358 Hoc
507 2187 635 2253 ineunte
657 2205 745 2251 anno
758 2178 893 2279 Elephas
906 2175 1054 2253 versaliis
1074 2173 1219 2251 dillestus
1237 2175 1336 2252 fuital
1355 2185 1402 2256 D.
1429 2180 1473 2252 du
1496 2172 1627 2279 Verney(

432 2282 479 2349 Eo
493 2274 586 2348 multi
607 2299 646 2346 ex
667 2278 839 2347 Academia
857 2271 887 2344 se
906 2275 1110 2346 contulerunt
1124 2310 1134 2362 ς
1148 2300 1184 2345 ca
1208 2297 1263 2358 ut,
1288 2275 1399 2358 oculi,
1421 2274 1620 2349 odoratis&

285 2376 409 2446 auditrls
424 2397 543 2471 organa
555 2370 722 2467 diligenter
740 2352 900 2466 irispedla,
921 2378 953 2443 &
968 2369 989 2442 d
1004 2374 1048 2442 Ι).
1067 2302 1208 2442 Penaulr
1223 2367 1388 2472 descripta.
1422 2377 1506 2466 Qut
1517 2367 1621 2442 descri-

284 2476 355 2569 ptio
373 2496 449 2542 cum
461 2472 654 2539 exteriorum
662 2492 676 2554 *,·
687 2487 758 2537 tum
777 2470 966 2536 interiorum
979 2470 1117 2562 partium
1133 2464 1215 2537 tetta
1234 2465 1296 2538 fuit
1319 2476 1353 2541 δι
1371 2463 1515 2540 discull'a.
1551 2468 1619 2536 Sirt-

285 2564 433 2661 gularum
459 2565 597 2660 partium
620 2559 736 2659 figuras
757 2566 802 2636 D.
817 2561 856 2630 de
880 2559 910 2631 la
928 2565 1009 2632 Hire
1037 2558 1207 2634 delineavit
1231 2618 1241 2650 ,
1267 2585 1342 2632 cum
1363 2587 1408 2632 eae
1424 2558 1527 2633 incisa
1547 2556 1618 2630 sunt.

286 2665 324 2729 in
339 2666 477 2756 partium
498 2656 651 2727 strumum
675 2657 832 2753 permulta
844 2660 1010 2726 annotavit
1030 2659 1075 2729 D.
1087 2656 1129 2725 du
1141 2663 1270 2754 Verney
1285 2683 1356 2753 quat
1374 2656 1482 2729 lucem
1494 2653 1621 2727 afferunt

285 2753 443 2850 plerisque
462 2754 604 2846 corporis
617 2748 748 2820 humani
762 2747 901 2847 partibus
914 2747 1062 2820 nonsatis
1076 2745 1254 2848 perspedtis.

332 2854 370 2918 ln
387 2846 470 2944 pelle
490 2844 635 2917 distindta
649 2844 709 2915 elle
728 2867 868 2941 quatuor
882 2870 1017 2941 corpora
1035 2847 1182 2922 advertit.
1222 2851 1367 2922 Primum
1381 2869 1445 2919 erat
1456 2869 1621 2919 eutaricum

287 2967 426 3040 corpus,
450 2938 581 3013 densum
609 2942 784 3012 admodum
803 2966 841 3011 ex
858 2944 1032 3010 innumeris
1049 2936 1135 3009 fibris
1157 2967 1272 3016 mutuo
1296 2945 1438 3042 implexis
1464 2939 1619 3040 compuli-

205 3082 208 3087 ·
286 3059 370 3203 turns.
404 3037 501 3202 Fsibrae
521 3034 582 3109 illa:
603 3061 719 3136 magna
731 3061 769 3108 eir
782 3058 871 3136 parte
884 3033 956 3107 sunt
967 3035 1140 3125 tendineae,
1154 3045 1241 3110 venis
1260 3097 1273 3128 ,
1293 3043 1416 3113 arteriis
1430 3036 1623 3135 &glandulis

285 3157 348 3203 con
403 3158 468 3206 rae.
1317 3204 1321 3211 ,

336 3156 402 3302 ape
396 3231 525 3323 Corpus
548 3228 721 3327 papillate,
741 3232 829 3327 quod
845 3235 928 3301 inea
950 3251 1023 3299 cute
1047 3228 1215 3301 manifesto
1226 3229 1398 3330 apparebat
1413 3231 1558 3303 :adeout
1570 3252 1617 3325 pt·

281 3322 366 3422 pillae
381 3329 470 3395 unius
491 3322 581 3396 lineae
603 3323 636 3394 lo
682 3327 835 3397 itudinem
857 3334 892 3398 dt
917 3320 1072 3397 semillem
1085 3329 1119 3396 in
1140 3323 1203 3396 bali
1222 3346 1502 3424 paterent,atque
1522 3343 1617 3394 ornnes

282 3443 365 3517 pene
386 3420 484 3492 effent
504 3350 683 3491 uniusmdlii
700 3445 762 3508 ,ac
775 3417 820 3491 sui
833 3419 958 3494 fimiles.

331 3543 359 3605 3.
383 3512 575 3588 Reticularis
594 3514 779 3587 membrana
799 3541 838 3589 ex
853 3516 955 3588 thecis
969 3542 1040 3614 quae
1055 3515 1187 3616 papillas
1209 3514 1381 3586 involvunt
1396 3519 1441 3587 ita
1451 3536 1519 3586 erat
1536 3538 1612 3585 corn·

280 3610 383 3706 posita
401 3669 412 3700 ,
431 3636 467 3683 ut
488 3634 687 3707 unaquaque
705 3635 744 3681 err
757 3609 827 3683 aliis
842 3612 1011 3685 constaret.
1049 3613 1215 3688 Postremo
1229 3609 1367 3682 cuticula
1381 3635 1456 3682 eum
1474 3606 1612 3683 reticultri

282 3705 469 3776 membrana
483 3708 569 3775 arelo
584 3729 650 3776 erat
661 3709 851 3796 coniundra,
872 3728 985 3777 contra
997 3733 1095 3805 atque
1104 3710 1137 3776 in
1150 3707 1294 3778 homine.

335 3798 501 3871 Proboscis
515 3801 564 3869 die
583 3825 596 3889 5
621 3797 779 3875 Februarii
794 3800 922 3873 dill'edla
933 3825 971 3872 ex
988 3810 1091 3900 parvis
1115 3799 1262 3873 musculis
1277 3823 1356 3898 pene
1375 3803 1549 3889 innumeris
1561 3815 1610 3871 etat

285 3891 486 3989 compofita‚
510 3893 618 3966 dentes
631 3916 764 3991 quoque
780 3902 877 3971 exerti
903 3905 938 3969 dt
968 3894 1077 3969 falcati
1102 3920 1191 3967 erant
1212 3901 1295 3966 intus
1321 3899 1391 3964 cavi
1414 3894 1501 3969 ubib
1518 3889 1608 3969 mxl·

284 3986 315 4058 la
331 3985 559 4085 erumpebant,
571 4009 641 4057 turn
654 4012 768 4058 carnea
781 3986 949 4062 substantia
961 3991 1103 4091 impleti,
1126 4016 1197 4088 quat
1212 4016 1279 4064 non
1297 3987 1381 4059 aliud
1395 3993 1548 4086 quiddam
1558 4004 1607 4059 ertt

285 4105 398 4185 praeter
414 4079 563 4152 vasorum
581 4088 763 4180 congeriem
778 4091 957 4182 perictanio
976 4088 1166 4160 involutam.

336 4186 350 4250 1
364 4182 391 4251 1.
417 4185 539 4248 Verum
559 4176 650 4268 liujus
661 4202 807 4251 accurata
820 4176 989 4277 descriptio
1003 4168 1091 4252 brevi
1105 4237 1115 4267 ,
1136 4204 1171 4251 ut
1186 4178 1367 4279 speramus,
1386 4184 1420 4251 in
1434 4179 1538 4254 lucem
1549 4201 1605 4276 pro·

285 4273 376 4348 dibit.
398 4280 436 4346 ln
458 4268 648 4347 antecellum
660 4296 766 4344 tamen
783 4298 937 4373 ptaeterea
949 4301 1021 4372 quae
1036 4276 1169 4344 diximus
1179 4334 1190 4361 ‚
1200 4275 1353 4345 nonnulla
1363 4275 1426 4346 boc
1442 4277 1517 4348 loco
1533 4272 1605 4366 subji·

286 4394 358 4442 cere
377 4393 444 4440 non
462 4373 522 4438 erit
534 4367 684 4444 alienum.
707 4373 789 4441 Hac
802 4370 907 4441 bellua
922 4396 1008 4441 anno
1028 4375 1105 4444 1668
1120 4372 1141 4440 a
1154 4374 1245 4467 Rege
1265 4368 1429 4440 Lusitaniae
1438 4373 1478 4442 ad
1501 4374 1604 4466 Regna

287 4459 589 4540 Christiauiffimum
607 4461 696 4535 milla
715 4463 830 4538 fuerat.
854 4470 944 4535 Turn
963 4468 1042 4536 verb
1065 4469 1229 4559 quadrimo
1241 4463 1369 4535 tanrtlm
1387 4488 1475 4551 erat,
1489 4468 1563 4536 adeo
1578 4477 1605 4529 ut

285 4586 372 4633 anno
386 4567 460 4634 1681
474 4567 539 4651 jam
559 4585 600 4644 17
620 4582 721 4629 annos
732 4561 903 4659 expleverit
923 4564 1035 4631 :intra
1053 4586 1085 4649 13
1109 4584 1268 4631 annorum
1287 4555 1423 4658 spatium
1449 4585 1516 4633 uno
1539 4559 1604 4629 duo·

155 4652 159 4657 ’
285 4677 369 4729 taxat
395 4658 472 4760 sede
491 4676 681 4727 excreverat·
717 4659 796 4725 Haec
814 4687 835 4742 7
862 4658 954 4755 pedes
976 4681 1051 4726 curn
1077 4653 1197 4727 semille
1216 4656 1301 4741 alta,
1328 4662 1362 4727 δι
1384 4653 1523 4748 ejusdem
1544 4670 1605 4750 pene

243 4828 246 4833 ⁵
288 4772 354 4826 etat
376 4754 581 4862 longitudinis
600 4785 612 4843 3
636 4773 729 4823 crura
745 4758 779 4825 &
795 4753 889 4854 pedes
911 4750 1013 4857 fernae
1036 4773 1072 4825 ut
1091 4757 1126 4826 in
1138 4751 1270 4831 homine
1287 4805 1299 4843 ‚
1314 4749 1368 4824 seu
1385 4775 1491 4850 genua
1502 4751 1604 4854 spe&-
1657 4824 1661 4883 l
