3646 5430
269 368 384 441 hun.
400 288 547 435 lllffimoa
575 373 701 431 meatus
721 352 838 427 subeat.
869 355 952 522 dam
976 347 1000 423 sa
1027 348 1108 422 liber
1130 347 1206 422 huic
1227 372 1301 420 non
1328 369 1449 445 pateret
1471 344 1602 436 adine,
1626 341 1775 423 summ

266 475 365 550 1669.
401 457 552 530 duntaxat
578 476 755 549 carporum
776 448 867 548 super
893 452 956 520 ciet
977 469 1136 548 premeret
1159 471 1168 519 a
1189 444 1274 516 unde
1294 441 1409 541 globus
1424 447 1543 515 vitreus
1566 447 1652 515 intus
1673 467 1778 517 exca-

400 575 494 624 vatus
516 547 647 624 tanttlm
664 545 796 618 haberet
813 545 962 641 ponderis
982 599 993 630 ,
1021 539 1183 640 quantum
1202 537 1321 641 globus
1332 536 1461 613 solidus.
1491 543 1613 634 Neque
1626 540 1668 610 ad
1688 537 1779 614 libe.

401 667 475 717 rum
493 646 580 718 hunc
594 641 728 715 coelellis
751 645 893 712 materiae
913 644 947 708 in
964 641 1042 711 dura
1064 662 1201 734 quaeque
1223 660 1362 734 corpora
1375 631 1537 706 incursum
1553 633 1636 709 visus
1656 637 1704 708 est
1723 660 1780 710 at-

400 743 530 813 tendere
546 736 706 814 Cartesrus
720 795 730 825 ‚
745 762 821 807 cum
845 731 966 833 scripsit
992 730 1126 806 occutsu
1145 755 1236 806 terrac
1262 735 1432 802 materiam
1458 730 1621 804 eoelestem
1640 731 1777 805 :inhibe-

400 841 454 922 ri,
470 845 645 935 quominus
667 840 702 905 in
728 835 828 904 restas
848 830 949 901 lineas
967 853 1096 904 motum
1116 826 1209 901 suum
1229 832 1423 900 continuet:
1444 830 1528 900 unde
1552 828 1644 900 abea
1661 854 1778 927 quara·

402 931 477 1006 ulm
503 935 605 1032 potest
630 931 758 1001 recedit.
799 926 883 999 tlt-si
903 951 987 999 terra
1009 923 1206 997 obllcthuic
1222 929 1361 994 materiae
1385 923 1520 996 coelestis
1541 930 1673 1007 motui,
1698 950 1780 998 cor.

351 1091 354 1098 ,
401 1055 482 1129 pora
504 1053 642 1125 quaque
656 1022 807 1097 solidiora
821 1049 888 1094 non
903 1019 1084 1122 penetrabit
1106 1077 1118 1109 ,
1142 1043 1278 1115 tumque
1302 1017 1427 1116 plumbi
1448 1019 1521 1092 vase
1545 1019 1686 1092 conclusi
1707 1029 1777 1093 mi·

400 1149 517 1205 nuetut
535 1126 680 1224 pondus,
699 1145 797 1220 atque
806 1125 845 1197 ‚iu
858 1117 1124 1221 profundioribus
1139 1113 1260 1191 fodinis
1275 1112 1419 1191 multtlm
1433 1118 1472 1190 de
1494 1117 1619 1195 metalli
1629 1119 1778 1217 pondere

404 1222 551 1294 decedet.

459 1323 573 1391 XVll.
603 1321 734 1412 Qanta
749 1311 785 1384 lit
805 1311 948 1386 celeritas
963 1309 1200 1384 materiaeilliur
1212 1309 1316 1383 lluidae
1337 1334 1408 1405 que
1423 1303 1604 1382 descensum
1622 1314 1777 1411 gravium

404 1409 530 1501 efficit,
551 1413 592 1483 ad
620 1409 781 1484 calculum
801 1433 932 1480 revocat
949 1413 997 1479 vir
1020 1403 1134 1480 clariis.
1160 1415 1196 1478 δι
1216 1408 1319 1502 quiam
1347 1408 1423 1504 apte
1450 1404 1668 1503 phoenomena
1700 1431 1776 1481 cum

405 1507 574 1608 hypothesi
604 1519 638 1583 δε
660 1505 786 1577 calculo
805 1511 1000 1576 conveniant
1024 1561 1034 1591 ,
1059 1499 1161 1577 fulina
1181 1500 1315 1591 edisserit
1334 1540 1344 1595 3
1370 1528 1428 1574 cur
1448 1504 1489 1574 ad
1510 1527 1657 1576 nentrum
1678 1527 1774 1583 ‘terra

404 1610 549 1677 nitantur
564 1608 675 1703 gravia
690 1637 699 1689 3
719 1626 775 1673 cur
788 1626 901 1673 eorum
917 1606 1058 1699 gravitas
1076 1599 1264 1698 interpositu
1277 1599 1609 1698 aliorumcorporum
1628 1626 1697 1671 non
1711 1608 1777 1673 mi-

405 1721 542 1788 nuatur,
558 1712 592 1774 δι
609 1694 761 1794 cujusque
782 1703 927 1795 corporis
946 1722 1050 1795 partes
1069 1697 1109 1766 ad
1129 1700 1279 1793 ponderis
1297 1694 1390 1794 ipfius
1411 1701 1626 1792 quantitatem
1645 1693 1777 1795 conspi-

400 1817 506 1869 rent:
534 1800 616 1868 adeo
640 1817 676 1864 ut
696 1803 787 1888 juxta
806 1797 944 1894 partium
965 1792 1205 1864 multitudinem
1230 1814 1384 1888 augeatur
1398 1793 1522 1887 pondus
1550 1825 1560 1882 ;
1585 1796 1690 1866 curin
1703 1792 1774 1864 des-

400 1894 502 1965 censu
516 1916 644 1965 motum
659 1886 750 1960 suum
765 1888 943 1961 accelerent
958 1912 998 1957 ex
1011 1892 1166 1959 continua
1178 1891 1319 1959 materiae
1331 1885 1440 1958 lluidae
1458 1886 1663 1988 impressione
1673 1915 1774 1987 ,quc

399 2008 521 2060 eorum
538 1989 647 2059 locum
661 1981 808 2057 all'edlat.
827 1990 914 2080 Qae
931 1990 1041 2054 omnia
1065 1986 1249 2080 longiorem
1269 1986 1496 2054 tractationem
1519 1987 1704 2082 postulant,
1739 1997 1775 2062 δε

403 2086 545 2162 ‚minime
567 2078 768 2154 necessariam
789 2139 800 2172 ,
818 2106 901 2152 curn
913 2085 1086 2178 Hugenius
1098 2076 1287 2159 sementiam
1302 2080 1392 2151 suam
1407 2079 1547 2181 eleganti
1559 2079 1775 2163 dulnranone

404 2182 564 2255 inlucem
576 2181 659 2251 edita
672 2173 863 2278 exposuerit.
1308 2234 1311 2239 .

459 2283 584 2350 XVlll.
610 2273 717 2347 Multa
730 2272 876 2348 adversus
893 2275 981 2347 hanc
1003 2269 1192 2343 sententiam
1216 2271 1368 2369 opposuit
1384 2282 1431 2350 D.
1452 2277 1492 2346 de
1510 2275 1775 2377 Robervalquae

319 2418 322 2427 ·
405 2370 596 2472 fingillatim
608 2370 702 2443 diluit
722 2378 767 2445 D.
785 2379 921 2470 Hugens
933 2407 942 2460 3
955 2394 1056 2442 unum
1075 2373 1154 2438 item
1168 2377 1201 2440 &
1213 2369 1351 2438 alterum
1360 2371 1535 2469 profetam.
1558 2380 1701 2447 Primum
1717 2401 1775 2447 ex.

405 2470 531 2568 plicatu
545 2464 674 2542 difficile
690 2469 839 2556 videtur,
869 2470 947 2565 quid
975 2473 1008 2537 in
1028 2463 1119 2534 causa
1139 2461 1179 2536 >stt
1200 2489 1255 2534 cur
1276 2471 1412 2543 materia
1432 2467 1536 2541 fluida
1558 2493 1647 2542 cetto
1671 2467 1774 2573 spatio

404 2562 584 2652 conclusa,
609 2588 746 2659 quaeque
765 2564 786 2632 al
810 2588 921 2633 centro
947 2563 1058 2632 mortis
1082 2566 1283 2630 continenter
1297 2563 1435 2652 recedit„
1451 2567 1776 2661 &circunjedliscor-

411 2661 686 2759 poribustandenr
701 2656 832 2732 lillatnr.
869 2664 945 2758 Q
971 2654 1041 2727 saint
1064 2654 1120 2725 illa
1147 2680 1371 2754 corporaque
1398 2684 1523 2733 motum
1548 2667 1688 2734 materiae
1710 2669 1775 2735 im-

412 2759 575 2851 pediunt,
599 2776 654 2826 aut
679 2751 762 2823 ultra
782 2779 913 2853 pergere
934 2780 1007 2826 eanr
1035 2750 1232 2852 prohibent?
1252 2750 1360 2823 Cralsa
1385 2755 1440 2826 illa
1462 2753 1520 2829 erle
1539 2784 1676 2855 corpora
1701 2784 1775 2854 quae

407 2848 585 2942 sistuntur,
607 2848 730 2922 necelle
750 2851 793 2922 est
818 2878 825 2921 :
855 2861 889 2924 dt
910 2875 1019 2922 tamen
1041 2872 1108 2922 tam
1130 2846 1255 2918 subtilia
1272 2872 1459 2946 ponuntur,
1478 2877 1513 2925 ut
1533 2856 1649 2926 cundia
1674 2880 1774 2952 pene.

406 2970 509 3021 trent.
536 2953 650 3020 Motus
664 2945 718 3016 ille
741 2953 774 3018 in
791 2949 893 3020 cedias
909 2947 1008 3018 lineas
1029 2943 1148 3017 rellcl‘lti
1163 2941 1291 3017 deberet
1305 2948 1400 3019 uastat
1416 2947 1563 3028 lruninis.
1599 2953 1696 3046 Qld
1718 2955 1777 3025 de·

409 3069 505 3121 mum
527 3041 706 3142 superficies
727 3042 796 3115 illas
811 3041 968 3140 sphericas
988 3045 1201 3115 determinata
1232 3130 1234 3134 Ι

454 3145 516 3210 His
536 3139 676 3210 breviter
692 3136 851 3237 respondit
876 3147 921 3215 D.
944 3144 1081 3237 Hugcns
1100 3193 1109 3222 ,
1127 3132 1323 3235 cor-puscula'
1336 3144 1370 3210 in
1390 3139 1492 3238 spatio
1511 3141 1665 3242 sphaerico
1685 3169 1776 3227 mota

408 3235 455 3317 ¹ab
471 3234 539 3305 aliis
547 3231 743 3330 corpusculis
758 3257 845 3305 extra
862 3235 942 3304 illud
956 3232 1092 3332 spatium
1106 3228 1214 3333 positis
1232 3259 1273 3304 ne
1284 3235 1418 3308 »ulterius
1434 3265 1489 3337 pet
1513 3264 1593 3330 ant,
1614 3245 1774 3343 impediri,

411 3357 480 3403 non
494 3331 588 3417 aliter
605 3331 672 3405 fere
693 3355 792 3427 quarn
813 3334 846 3398 in
859 3330 1024 3429 stagnante
1048 3356 1132 3427 aqua
1153 3355 1266 3426 parvus
1289 3356 1401 3404 vortex
1429 3344 1463 3404 in
1481 3266 1517 3414 ha
1535 3362 1705 3413 coritorrus
1727 3338 1774 3417 ‚ab

410 3453 495 3527 aqua
506 3432 714 3520 circumjecta
729 3451 769 3497 ne
784 3429 914 3498 ulterius
931 3423 960 3498 se
974 3424 1132 3502 diffundat
1147 3424 1332 3503 cohibetur.

460 3531 492 3599 X
508 3531 521 3594 l
539 3533 584 3598 X.
608 3523 747 3595 Instabat
774 3530 819 3606 D.
839 3525 879 3594 de
894 3524 1064 3596 'Roberval
1080 3581 1093 3612 ,
1119 3550 1159 3594 an
1178 3520 1264 3595 forte
1279 3551 1389 3599 motus
1416 3528 1463 3600 illi
1485 3531 1653 3603 circulares
1671 3552 1776 3603 mate-

411 3620 580 3704 riaefluidae
604 3627 636 3690 in
657 3643 747 3693 certo
759 3618 863 3718 spatio
884 3619 1062 3709 conclulae,
1083 3626 1166 3692 circa
1182 3621 1266 3693 idem
1288 3646 1434 3695 centrum
1456 3624 1664 3698 absolvuntur
1674 3647 1690 3707 3
1712 3629 1776 3700 Sed

408 3714 476 3785 hoc
492 3712 594 3879 ipsum
613 3716 760 3809 estquod
799 3723 945 3787 ucrimus
956 3774 966 3804 ,
978 3742 1129 3788 centrum
1145 3717 1227 3787 illius
1245 3743 1352 3789 motus
1369 3778 1378 3806 ,
1423 3725 1487 3793 uod
1502 3746 1537 3793 ut
1551 3747 1677 3795 certum
1694 3720 1776 3796 sumi

410 3833 481 3880 non
514 3810 610 3898 eber,
627 3834 686 3879 nec
701 3740 867 3905 quaelltum
892 3836 951 3907 pro
976 3813 1133 3883 concello·
1159 3817 1260 3908 Quid
1273 3812 1294 3883 sr
1308 3748 1427 3889 diverh
1442 3817 1501 3889 hut
1520 3841 1629 3889 centra
1654 3877 1665 3906 ,
1693 3819 1775 3892 nihil

405 3910 472 3977 erit
497 3913 530 3976 in
555 3904 622 3974 hoc
646 3928 739 3974 motu
761 3902 963 3989 delinitum,
991 3935 1125 4006 quaeque
1146 3909 1353 4009 impelluntur
1378 3940 1543 4015 corpora,
1573 3918 1607 3984 in
1637 3912 1777 3989 diversas

410 4028 516 4102 partes
529 4003 748 4076 distrahentur.
781 4008 875 4100 Qin
897 4009 995 4079 etiam
1018 4032 1089 4104 qua:
1116 4030 1219 4104 partes
1244 4012 1326 4079 inter
1346 4006 1376 4079 se
1393 4012 1586 4093 coliduntur
1609 4032 1775 4100 ‚motum

408 4099 602 4264 cir'cularcm
622 4105 656 4171 in
681 4101 805 4171 tellum
827 4130 885 4205 per
904 4125 1072 4203 tangentes
1095 4103 1344 4176 commutabunt
1371 4116 1459 4201 juxta
1487 4108 1695 4183 reflexionum
1721 4133 1776 4180 re-

436 4220 454 4262 u
468 4224 511 4272 ns.

406 4219 433 4297 'g
461 4290 663 4391 Rtsponlum
685 4297 728 4366 est
751 4321 819 4367 nnn
839 4308 935 4396 quaeri
955 4325 1100 4373 centrum
1129 4360 1138 4389 ,
1174 4291 1223 4372 scd
1251 4324 1306 4371 cur
1329 4303 1475 4398 quadam
1503 4325 1641 4401 corpora
1665 4303 1776 4380 reclus

410 4413 559 4481 centrum
572 4389 726 4466 ferantur.
766 4399 845 4469 Hoc
858 4395 928 4494 ipso
943 4406 1030 4469 enim
1046 4403 1134 4496 qnbd
1149 4397 1285 4498 spatium
1312 4398 1497 4499 sphaericum
1520 4406 1651 4498 ponitur
1667 4457 1677 4487 ,
1698 4425 1774 4475 cen.

406 4507 498 4555 rrum
513 4489 678 4585 quoddam
696 4494 772 4586 poni
791 4496 912 4567 necesse
935 4497 989 4569 cll.
1016 4498 1118 4593 Qud
1130 4521 1238 4567 autem
1250 4497 1409 4567 circularis
1420 4519 1527 4566 motus
1536 4500 1568 4564 in
1581 4499 1706 4568 redium
1718 4527 1775 4598 pet

408 4579 507 4651 lineas
520 4607 687 4683 tangentes
708 4611 773 4656 non
790 4614 952 4675 mutetur,
970 4595 1001 4660 id
1017 4599 1050 4664 in
1071 4591 1161 4662 causa
1175 4591 1219 4659 est
1235 4651 1244 4675 ‚
1259 4592 1348 4686 qubd
1364 4589 1504 4687 patribus
1520 4596 1553 4661 in
1564 4589 1678 4663 orbem
1697 4623 1775 4665 mo.-

302 4749 305 4754 .
405 4678 451 4763 ,th
468 4699 539 4759 uon
557 4707 664 4783 pareat
677 4683 768 4757 locus
788 4688 857 4791 qud
880 4686 911 4760 se
926 4693 1114 4801 precipitium
1133 4687 1192 4767 nisi
1211 4687 1298 4771 forte
1313 4692 1428 4766 eoo‘ctu
1442 4711 1590 4791 tempore
1603 4687 1677 4763 aliis
1694 4715 1772 4795 par.
