3646 5430
293 38 389 197 0
475 183 491 198 .

166 394 169 406 Ι
358 297 706 375 renuentia
753 290 1242 380 HISTORIA.Ln.itt.
1453 331 1516 400 29⁷

164 414 169 429 ¹
207 392 321 470 vm.
350 401 396 470 Ex
416 393 584 468 occasione
608 395 722 468 harum
750 396 804 470 lon
831 403 985 471 'tudinum
1012 407 1057 475 D.
1077 400 1198 473 Caffini
1220 407 1252 472 in
1280 397 1341 472 suis
1360 405 1446 472 notis
1474 406 1513 472 ad
1532 397 1649 482 Alliu-

165 490 393 566 observationes
403 499 440 568 P.
455 493 568 578 No'e'l,
585 497 653 588 qud
671 490 769 588 usque
785 424 1063 568 adlatamatione
1078 496 1252 569 salvatoris
1266 494 1424 592 progressa
1441 498 1512 569 fue·
1530 517 1611 570 nom.

165 592 200 658 rit
213 594 343 686 Geogra
367 587 418 659 hia
430 645 440 673 ‚
454 593 561 686 paucis
578 593 721 683 exponit.
751 593 842 660 Nam
864 590 981 660 Strabo
997 597 1054 687 qui
1074 598 1249 685 imperante
1265 589 1399 662 Tiberio
1421 598 1510 662 Geo-

161 683 321 782 graplriam
331 615 470 781 sclripliss
488 683 583 753 Indos
600 680 750 778 Hispanis
766 684 980 755 Antichtouas
995 693 1099 783 ponit.
1126 687 1289 755 Maximus
1304 689 1422 780 Tyrius
1437 691 1512 758 Ne-

164 799 236 848 rone
246 784 426 876 imperante
445 774 565 847 Sinensr
589 802 687 873 regno
713 804 772 865 ²²5
795 779 910 875 gradus
928 778 1133 876 longitudinis
1155 777 1296 850 tribuit:
1322 781 1512 852 Ptolemaeua

150 877 247 1038 'suxblls
263 903 305 970 45
319 875 435 970 gradui
455 874 590 944 detraxit
606 905 617 960 3
638 880 829 947 recentiores
847 873 951 944 adhuc
973 906 1013 970 45
1033 879 1148 973 gradus
1167 875 1185 944 ὲ
1205 870 1318 946 tabulis
1344 877 1511 949 l’rolemaei

232 993 338 1042 urere.

206 1067 277 1137 1x.
299 1062 425 1136 Multas
444 1089 577 1160 quoque
591 1070 625 1135 in
638 1063 703 1136 hoc
717 1090 812 1164 opere
826 1070 911 1138 circa
937 1087 1045 1136 motus
1070 1063 1240 1138 satellitum
1262 1064 1355 1160 Jovis
1375 1065 1510 1142 difficul-

152 1179 234 1232 tates
248 1159 447 1258 propositas,
468 1170 536 1232 &a
559 1168 600 1233 D.
619 1158 738 1232 Caffini
751 1158 889 1240 solutas,
906 1160 1009 1232 multa
1036 1169 1120 1232 circa
1146 1161 1355 1232 Siamenfium
1381 1187 1505 1254 reram,

152 1254 383 1328 calendarium
397 1311 408 1342 ,
422 1264 455 1328 δι
472 1257 712 1327 Astronomiam
722 1255 889 1328 abeodem
898 1256 1195 1328 enodarainvenies.
1222 1258 1449 1348 DuoComerq
1460 1260 1506 1331 ibi

150 1345 413 1441 suntobsetvati;
443 1355 528 1447 prior
543 1375 629 1421 anno
644 1356 722 1425 1686
737 1354 843 1423 mense
860 1354 946 1449 Aug.
960 1354 993 1420 in
1006 1350 1156 1423 Siamensr
1171 1374 1269 1447 regno
1283 1350 1323 1421 ab
1339 1356 1456 1426 Austro
1470 1360 1505 1428 in

151 1452 295 1539 Boream
302 1446 688 1542 progressusAEquatorem
698 1443 803 1519 secans
813 1453 845 1516 in
856 1445 1213 1544 trigraduAscenfionis
1225 1451 1415 1535 redie‚motu
1426 1477 1507 1548 pro-

147 1547 228 1643 prio
252 1541 293 1610 ad
312 1542 422 1611 Solem
435 1543 728 1612 accedenstandem
750 1541 833 1612 illius
858 1544 949 1612 radiis
970 1538 1161 1627 immersus,
1187 1541 1393 1639 conspectum
1410 1545 1505 1642 fugit.

149 1637 246 1711 Alter
259 1633 388 1728 Malacq
401 1646 434 1710 δι
447 1640 583 1731 Pequini
596 1631 702 1707 mense
720 1634 895 1708 Decembri
909 1640 984 1706 anni
998 1645 1084 1724 1689
1099 1633 1283 1707 observatus
1298 1662 1391 1709 motu
1405 1646 1503 1738 priori

147 1737 317 1806 contrario
328 1729 431 1802 versus
450 1731 599 1800 Austrum
613 1732 780 1819 incedens,
795 1736 924 1802 ineunte
936 1731 1092 1826 Januario
1103 1733 1202 1802 videri
1214 1729 1325 1804 desiit:
1346 1738 1427 1804 Duae
1447 1740 1505 1807 iti-

147 1829 228 1899 dem
239 1831 380 1925 ingentes
393 1824 525 1898 macula
536 1831 620 1896 circa
635 1827 750 1900 Polum
767 1828 989 1897 Antarfficum
1006 1847 1140 1926 ,prater
1154 1829 1229 1896 duas
1242 1824 1328 1897 albas
1340 1828 1428 1901 velut
1443 1853 1506 1899 nu·

148 1919 279 1995 beculas
297 1924 484 2020 jampridem
494 1918 710 2017 deprehensas.
738 1919 907 1995 Nonnulla
924 1944 1054 2019 quoque
1075 1925 1158 1992 circa
1180 1919 1291 1992 lumen
1312 1920 1392 1992 illud
1416 1924 1507 2019 quo'd

147 2021 222 2117 poll
237 2017 322 2089 Sedis
335 2012 502 2104 occasum,
518 2026 551 2090 δι
563 2039 637 2088 ante
652 2017 733 2089 illius
746 2040 855 2088 ortum
870 2016 891 2088 d
905 2022 950 2091 D.
964 2015 1084 2088 Caffini
1100 2011 1300 2086 observatum
1315 2015 1388 2105 fuit,
1398 2018 1506 2119 quod-

148 2137 218 2210 que
228 2116 330 2185 Siami
342 2115 503 2184 interdum
517 2117 609 2184 tertia
627 2114 697 2210 post
711 2112 794 2185 Solis
804 2111 953 2184 occasum
970 2110 1052 2184 hora
1063 2108 1120 2186 sub
1132 2109 1245 2182 oculos
1256 2116 1361 2200 venit,
1381 2136 1419 2191 ac
1431 2111 1505 2212 ple·

148 2231 254 2305 raque
265 2205 325 2278 alia
338 2203 418 2277 scitu
431 2209 525 2305 digna
538 2213 570 2278 in
584 2232 625 2278 eo
639 2207 723 2279 libro
736 2212 950 2283 continentur.
1394 2243 1399 2259 Ι

198 2313 248 2381 Χ.
270 2307 390 2398 Neque
404 2301 484 2374 illud
498 2307 747 2400 praetereundum
761 2303 850 2400 quod
867 2304 907 2372 ad
927 2304 1137 2375 Astronorniae
1163 2304 1403 2374 illustrationem
1429 2328 1503 2373 ma.

148 2403 237 2474 xime
253 2403 390 2499 pertinet
411 2455 423 2487 ,
449 2409 482 2473 dc
508 2400 529 2468 a
558 2407 604 2473 D.
620 2401 659 2468 de
684 2400 714 2470 la
738 2405 821 2472 Hire
838 2393 944 2467 mense
961 2396 1145 2473 Novembri
1164 2396 1256 2492 hujus
1272 2402 1348 2466 anni
1365 2394 1428 2464 fuit
1451 2400 1504 2465 di-

148 2496 285 2594 ligenter
299 2487 499 2565 observatum
513 2499 596 2565 circa
610 2500 743 2566 Veneris
755 2518 830 2565 cum
845 2491 921 2563 Sole
941 2494 1223 2585 conjunccionem,
1242 2491 1318 2559 dum
1331 2493 1503 2560 minimam

148 2589 285 2663 luberet
295 2585 509 2664 latitudinem.
531 2592 567 2659 ld
580 2596 667 2662 enim
682 2594 811 2687 perraro
828 2589 987 2684 contingit
1007 2642 1017 2671 ,
1041 2595 1074 2659 δι
1088 2609 1195 2657 tamen
1208 2590 1260 2657 vix
1277 2606 1365 2654 certa
1388 2589 1502 2653 Vene-

148 2689 192 2758 ris
205 2710 286 2757 cum
298 2679 372 2753 Sole
388 2681 501 2781 pofitio
522 2684 629 2757 haberi
650 2680 720 2755 saris
741 2705 890 2756 accurata
907 2683 1017 2846 potest
1042 2686 1123 2752 citra
1145 2678 1238 2777 hujus
1253 2683 1375 2778 generis
1389 2672 1503 2748 obser.

148 2785 309 2853 tationes.
331 2781 533 2875 superiorum
548 2784 679 2876 quidem
693 2782 894 2851 Planetarum
919 2801 980 2848 itus
992 2801 1066 2848 cum
1085 2777 1153 2847 Soli
1170 2795 1390 2875 opponuntur,
1403 2770 1500 2846 facile

148 2871 400 2973 consequimur3
419 2869 473 2944 sed
489 2874 679 2946 inferiorum
700 2875 942 2968 conjuncciones
961 2896 1036 2942 cum
1063 2869 1138 2943 Sole
1156 2876 1210 2941 vix
1228 2869 1340 2941 haberi
1359 2865 1498 2968 possunt.

148 2972 249 3043 Anno
276 2981 345 3062 ¹⁶3¹
373 2964 546 3042 Galsendus
565 2975 763 3040 Mercurium
787 2972 820 3040 in
847 2967 923 3039 Sole
946 2963 1108 3067 conspexit
1128 3023 1140 3055 ‚
1160 2971 1208 3036 uti
1236 2964 1390 3063 Keplerus
1408 2986 1499 3034 anuo

148 3077 218 3139 ιίιι
231 3087 306 3138 ante
327 3086 496 3136 monuerat
520 3100 529 3154 ;
559 3069 689 3137 Veneris
708 3066 969 3161 conjunctionem
997 3086 1096 3226 quam
1118 3064 1234 3133 eodem
1256 3083 1342 3130 anuo
1356 3057 1498 3132 sircurana

148 3157 336 3259 promiserat
350 3216 361 3247 ,
375 3157 487 3229 frustra
500 3162 689 3256 expectavit.
727 3164 910 3233 Horoccius
933 3159 1009 3254 Ang
1022 3182 1058 3247 us
1079 3159 1131 3227 die
1151 3187 1193 3248 24
1218 3151 1417 3230 Novembris
1435 3177 1498 3224 an·

148 3277 193 3327 ιο
204 3270 283 3344 1639
306 3254 406 3355 paulo
428 3277 502 3326 aute
518 3254 602 3327 Solis
617 3250 764 3326 occasum
777 3281 817 3328 ex
828 3252 946 3326 tabulis
966 3249 1183 3349 Rodolphinis
1201 3259 1358 3326 Venerem
1375 3247 1499 3320 insule

149 3346 323 3449 muspexit.
349 3348 437 3418 Cum
447 3372 554 3422 autern
567 3348 624 3419 Sol
637 3351 675 3420 ad
692 3348 839 3422 occasum
849 3373 1015 3447 vergeret,
1035 3353 1091 3422 vix
1103 3372 1158 3444 per
1171 3345 1248 3419 semi
1261 3344 1375 3416 horam
1387 3340 1498 3414 obser-

149 3449 214 3515 vari
233 3451 364 3545 potuit,
382 3469 487 3541 neque
505 3448 586 3516 adeo
605 3449 736 3516 Veneris
748 3446 948 3518 latitudinem
970 3451 1005 3517 dt
1023 3445 1101 3514 nodi
1121 3442 1233 3514 locum
1252 3437 1402 3513 accurate
1419 3438 1497 3509 hinc

149 3542 471 3735 mllllfeglrcmflspes
491 3632 579 3706 nulla
596 3631 670 3707 esset
686 3637 820 3708 Veneris
833 3635 867 3702 in
880 3633 956 3704 Sole
972 3631 1041 3731 ipso
1054 3630 1280 3730 conspicienda
1303 3685 1314 3716 ,
1345 3632 1392 3700 D.
1406 3627 1446 3699 de
1463 3626 1496 3700 la

149 3731 233 3802 Hire
247 3753 374 3830 ternpus
393 3737 554 3825 captavit,
572 3755 641 3826 quo
658 3734 743 3803 idem
762 3728 890 3801 Planeta
912 3725 1005 3825 supra
1021 3729 1130 3801 Solem
1144 3721 1261 3825 positus
1273 3750 1347 3796 cum
1358 3746 1399 3792 eo
1411 3746 1495 3795 con.

149 3825 276 3916 junceus
293 3822 384 3896 foret.
424 3829 523 3920 Quod
541 3826 643 3896 adhuc
656 3848 812 3899 tentatum
825 3849 893 3896 non
908 3823 1013 3897 suerat
1027 3883 1037 3914 ,
1051 3846 1157 3920 neque
1183 3821 1216 3889 id
1233 3820 1352 3918 assequi
1371 3817 1496 3916 potuis·

149 3914 262 3993 strnffi
273 3918 347 3991 loco
366 3921 568 4016 pinnularum
593 3927 739 4021 Dioprrae
759 3920 941 4017 quadrantis
961 3922 1096 4005 circuli,
1118 3913 1232 3990 tubum
1251 3922 1398 4015 opticum
1416 3969 1428 4002 ,
1447 3921 1495 3988 uti

149 4018 210 4101 iam
225 4013 270 4085 ab
283 4013 348 4112 ipsa
362 4019 541 4088 Academia
559 4022 682 4114 origine
699 4016 882 4114 usurpatum
901 4015 963 4086 suit
986 4073 995 4101 ,
1015 4015 1155 4115 aptasset·
1196 4016 1270 4083 Hac
1286 4017 1375 4084 enirn
1398 4016 1496 4082 ratio-

150 4132 183 4182 κ
199 4107 297 4181 stella
317 4117 414 4181 etiam
439 4115 477 4182 de
491 4113 542 4183 die
566 4112 793 4200 observantur,
810 4117 855 4184 D.
879 4114 920 4184 de
941 4110 972 4182 la
984 4118 1067 4185 Hire
1079 4109 1155 4180 fixar
1170 4117 1234 4202 jam
1256 4105 1298 4179 ab
1311 4132 1397 4180 anno
1416 4113 1493 4182 1681
1529 4187 1536 4191 ,

150 4209 288 4278 aiamin
299 4202 365 4303 ipsa
387 4208 526 4278 Meridie
545 4208 717 4306 conspexit.

188 4304 238 4371 Ea
265 4303 399 4396 quidem
424 4303 578 4374 methodo
601 4304 787 4380 coniunDio
811 4307 942 4377 Veneris
965 4325 1039 4373 cunr
1065 4301 1142 4375 Sole
1163 4326 1201 4373 ex
1220 4298 1303 4372 illius
1326 4297 1493 4372 altitudine

150 4395 331 4468 nardum
350 4394 428 4495 saepc
447 4396 489 4468 ab
509 4424 549 4468 eo
563 4398 625 4470 fuit
644 4395 806 4469 observata
817 4455 828 4487 ,
844 4394 896 4468 sed
909 4424 984 4470 curn
996 4407 1101 4493 major
1119 4396 1193 4469 esser
1220 4393 1302 4468 illius
1323 4395 1459 4467 latitudo
1479 4454 1490 4487 ,

150 4513 207 4563 m
221 4494 330 4562 omnis
341 4499 456 4566 erroris
470 4493 579 4564 aberat
591 4491 736 4591 suspicio.
763 4491 876 4565 Mense
898 4496 1029 4564 demum
1054 4490 1239 4567 Novembri
1260 4516 1335 4563 cum
1358 4492 1492 4565 minima

150 4582 215 4658 sset
227 4593 297 4680 ejus
312 4585 468 4676 latitudo,
485 4599 517 4662 δι
532 4613 633 4687 prope
648 4589 723 4658 etl'et
738 4611 772 4657 ut
792 4590 860 4659 Soli
877 4598 1084 4688 jungeretur,
1110 4612 1231 4684 magno
1258 4587 1360 4657 studio
1377 4610 1491 4659 veruna

150 4683 378 4781 injunctionis
398 4705 525 4784 ternpus
547 4693 711 4762 &veram
732 4682 934 4762 latitudinem
956 4688 1085 4762 taudem
1107 4684 1151 4758 est
1175 4681 1340 4874 affecrppp.
1367 4679 1494 4755 Obser-
