3646 5430
432 348 757 423 A'CADEMDE
816 354 1152 429 Hirro-ulii.
1193 359 1268 434 Lm.
1287 363 1330 436 11.
1487 391 1534 463 ¹55

176 443 440 547 hacogimndis
453 445 609 521 machinis
624 459 655 516 da,
669 444 864 538 efficiendis,
885 446 906 521 st
921 449 1082 546 quisalius
1095 453 1293 536 ,indumine
1321 461 1420 530 Anno
1450 482 1533 553 ¹⁶99
1551 459 1668 542 Mech

183 548 257 621 inter
280 542 496 616 Academicos
518 541 653 614 allediua
674 545 729 616 est.
767 548 811 617 Ex
826 550 864 616 iis
879 552 980 644 prima
994 545 1149 621 celeritati
1163 558 1197 622 de
1211 554 1351 624 tarditati
1364 560 1453 626 navis
1467 614 1477 641 ,
1500 569 1535 631 de

183 641 260 739 quasi
272 651 343 731 ejus
358 639 499 736 vestigiis
512 662 567 710 aut
581 635 672 712 sulcis
684 637 883 736 explorandis
895 639 1071 734 serviebat;
1086 645 1186 717 altera
1199 646 1243 716 est
1254 652 1419 744 quoddam
1432 653 1538 726 antlia

184 762 271 835 gerim
284 736 352 810 fine
366 732 502 807 embolo
519 758 593 807 cum
608 761 669 806 una
683 743 716 807 δι
733 732 866 834 iimplici
880 739 1026 825 valvula,
1045 766 1100 814 aut
1112 740 1237 816 affixio.

221 844 274 911 lv.
299 838 362 907 Vir
392 834 483 902 omni
508 832 686 902 eruditione
709 830 810 901 clarus
828 838 872 907 D.
891 831 1033 907 Leibnits
1054 835 1262 936 horologium
1286 840 1351 914 dse
1371 848 1539 920 inventum

183 933 326 1034 asportari
339 923 440 1023 jussit,
455 952 490 998 ut
502 925 691 1025 aequabilem
704 925 789 996 illius
801 929 1107 1005 motumexhiberet·
1122 935 1201 1030 Jam
1213 959 1342 1009 ineunte
1354 966 1440 1009 anno
1452 957 1538 1037 1675.

173 1031 371 1102 machinam
383 1022 585 1098 numeralem
612 1021 813 1122 protulerat,
831 1034 919 1116 cujus
940 1052 1003 1123 ope
1022 1051 1161 1124 quatuor
1186 1031 1301 1127 regulae
1318 1033 1538 1108 Arithmeticae

169 1149 227 1197 m
249 1151 293 1196 na
306 1120 463 1194 facilitate
484 1117 705 1221 proficiuntur.
732 1117 814 1191 Illud
828 1119 908 1195 mihi
923 1124 1080 1196 exciderat
1099 1130 1133 1199 in
1158 1131 1259 1223 priori
1270 1131 1431 1218 editione,
1448 1135 1537 1228 quod

162 1151 289 1319 pohea
301 1223 346 1292 D.
357 1214 495 1314 Galloys
509 1221 542 1288 in
555 1219 746 1289 memoriani
760 1216 958 1314 redegit,iam
971 1240 1041 1291 turn
1058 1225 1211 1321 temporis
1227 1227 1311 1296 inter
1325 1228 1538 1301 academicos

166 1323 200 1390 εἰ
214 1319 309 1410 Rege
325 1335 509 1411 cooptatum
523 1311 614 1386 fuiffe
629 1312 672 1383 ob
685 1311 842 1385 excellent
857 1318 1022 1412 ingenium
1037 1325 1070 1390 δι
1085 1316 1183 1391 altam
1197 1321 1423 1398 eruditionem.

230 1418 275 1485 V.
286 1412 477 1509 Longopost
493 1432 642 1509 ternpore
657 1415 704 1482 D.
715 1407 755 1478 de
767 1412 802 1484 S,
815 1408 898 1484 Felix
913 1412 930 1483 ὲ
943 1409 1077 1486 Telonis
1086 1437 1182 1512 portu
1195 1410 1280 1487 mifit
1291 1414 1451 1511 cujusdam
1463 1448 1536 1494 ma*

175 1510 278 1583 cbinae
291 1501 543 1604 desttiptionem·
552 1506 700 1578 anchoris
714 1507 846 1577 navium
864 1502 983 1578 sursum
997 1507 1145 1582 tollendir
1165 1515 1430 1602 accommodatae,
1445 1545 1536 1611 quae-

178 1630 240 1704 que
258 1626 337 1675 rotae
350 1601 483 1677 dentarae
499 1612 532 1675 dc
547 1600 708 1689 cochleae,
734 1624 770 1672 ut
796 1627 916 1679 vocant
939 1599 1004 1679 sine
1019 1600 1089 1677 line
1110 1614 1142 1676 dc
1162 1610 1229 1676 axis
1252 1610 1284 1677 in
1309 1614 1533 1702 Peritrochio‚

175 1729 206 1776 v.
221 1697 377 1789 Cabassan
390 1711 514 1794 majore
531 1697 685 1771 facilitate
703 1700 849 1773 rudentes
861 1698 1047 1774 anchorales
1059 1702 1223 1776 amolitur.
1254 1707 1388 1778 Novam
1402 1712 1534 1803 quidem

168 1824 236 1872 non
250 1795 341 1886 elie,
366 1788 418 1866 sed
431 1819 542 1868 tamen
556 1793 726 1894 perutilem
739 1790 811 1866 fore
830 1802 929 1873 etiam
950 1791 1096 1871 favente
1107 1801 1300 1895 tempestate
1323 1807 1370 1874 D.
1398 1804 1534 1879 Blondel

170 1898 342 1988 judicavit,
355 1891 538 1965 dummodo
551 1899 617 1986 ejus
630 1889 798 1980 firmitati,
811 1912 848 1962 ut
862 1919 918 1992 par
933 1892 1004 1978 eu,
1030 1917 1193 1969 caveretur
1209 1952 1220 1983 ,
1240 1921 1300 1967 nec
1315 1896 1444 1974 tanttlm
1466 1926 1534 1972 ma-

173 1995 277 2077 cruz,
302 1988 472 2061 sedetiam
498 1992 699 2089 compaginis
721 1995 756 2061 δι
781 1993 989 2063 connexionis
1003 2012 1081 2060 cum
1098 1991 1238 2066 transtris
1258 2001 1292 2066 δι
1308 1994 1377 2064 aliis
1390 1994 1533 2093 partibus

171 2091 259 2166 navio
281 2090 366 2158 ratio
384 2081 568 2157 haberetur.

217 2187 282 2256 vl.
307 2187 453 2255 Exeunte
465 2206 555 2255 anno
569 2189 669 2264 1676.
689 2183 994 2280 machinaquaedam
1009 2182 1050 2257 ab
1070 2179 1238 2284 ingenioso
1251 2189 1323 2258 viro
1337 2185 1532 2263 D.leDou-

172 2302 241 2350 ceur
255 2271 421 2376 propolira
431 2277 589 2374 ,eaquea
609 2282 653 2348 D.
671 2281 717 2348 D.
729 2276 883 2366 Caffino,
908 2281 1018 2355 Picard
1036 2313 1053 2366 ,’
1068 2283 1226 2352 Matiotte
1246 2280 1309 2354 fuit
1322 2291 1501 2356 examinata
1518 2322 1528 2373 3

168 2371 316 2470 quiutilc
330 2371 511 2469 judicarunt
526 2397 685 2471 equorum
706 2378 752 2445 uti
766 2376 907 2471 pondere
919 2380 1011 2469 aquis
1022 2372 1231 2444 subvehendis
1252 2402 1261 2445 ι
1285 2381 1366 2448 adeo
1390 2403 1425 2450 ιιι
1450 2387 1531 2452 vires

168 2493 286 2541 eorum
300 2494 378 2543 cum
394 2469 588 2564 ponderibus
601 2471 780 2560 conjundiae
795 2466 922 2539 facilius
934 2494 1054 2562 aquam
1070 2466 1231 2540 attollant.
1534 2544 1536 2550 ¹

215 2571 298 2639 vu.
324 2560 391 2636 Sub
409 2564 492 2634 idem
521 2571 645 2663 ternpus
666 2566 714 2632 vir
729 2565 843 2634 dodbus
857 2568 904 2636 D.
917 2564 956 2634 de
975 2559 1199 2635 Hautefeiiille
1215 2563 1383 2659 proposuit
1409 2589 1530 2636 novum

171 2670 209 2735 be
222 2661 245 2730 h
260 2657 291 2730 se
307 2682 464 2757 repertum
478 2660 642 2757 horologii
661 2656 847 2730 libratorem
861 2658 902 2730 ab
915 2659 1030 2730 ulitato
1043 2663 1077 2729 in
1094 2682 1136 2728 eo
1154 2655 1335 2744 diversum,
1356 2662 1445 2754 quod
1462 2665 1530 2731 dure

170 2755 324 2855 palmulae
344 2751 400 2824 fibi
422 2759 535 2827 mutuo
558 2753 618 2827 sint
629 2752 782 2852 appolitae
798 2764 830 2827 δι
854 2753 1009 2852 parallelae
1021 2812 1032 2842 ,
1044 2778 1154 2850 eaeque
1173 2775 1290 2824 trunco
1306 2754 1464 2827 libratoris
1491 2761 1530 2827 ad

168 2851 433 2950 perpendiculum
455 2849 659 2925 insistentes:
687 2861 845 2947 majorem
869 2857 903 2922 in
921 2848 1065 2949 pendulis
1090 2872 1197 2921 motus
1213 2851 1429 2943 aequalitatem
1454 2853 1530 2924 hinc

166 2947 311 3020 futuram
323 2946 536 3021 existimabat.

209 3049 268 3119 v1
283 3050 341 3118 11.
366 3047 445 3114 Hoc
464 3044 594 3136 quidem
608 3067 695 3114 anno
713 3041 759 3113 D.
774 3041 814 3110 de
827 3040 968 3116 Frenicle
981 3042 1021 3113 de
1034 3038 1125 3136 Belly
1135 3066 1174 3112 ex
1184 3042 1319 3113 hacvita
1330 3048 1481 3143 migravit
1495 3048 1530 3116 in
1615 3077 1620 3088 ·

166 3140 358 3214 meliorem:
374 3143 424 3208 vir
435 3161 502 3210 erat
517 3145 608 3209 omni
622 3139 775 3209 dodlrinae
787 3162 903 3234 genere
914 3139 1073 3235 prestans,
1086 3134 1138 3210 sed
1150 3142 1185 3209 in
1198 3161 1409 3210 numerorum
1425 3137 1530 3210 scien-

167 3243 306 3335 tia-qua
319 3259 392 3307 turn
409 3257 476 3307 tem
502 3239 565 3303 oris
578 3233 887 3306 Mathematicorum
899 3231 1064 3307 exercebat
1074 3238 1212 3331 ingenia,
1227 3260 1283 3331 pre
1296 3239 1414 3307 ceteris
1425 3235 1531 3305 excel·

167 3330 263 3406 lebat.
284 3338 401 3407 Nemo
414 3261 605 3402 diffihllima
626 3330 975 3494 quaequeproblemata
988 3334 1105 3426 majori
1116 3330 1272 3403 facilitate
1283 3328 1379 3401 solvit
1395 3356 1404 3401 t
1430 3354 1530 3426 arque

164 3425 258 3518 hujus
276 3424 416 3500 scientiae
430 3431 604 3521 principes,
616 3449 653 3495 ut
665 3428 764 3496 Carte
776 3448 844 3512 ius,
856 3431 1049 3512 Fermatiui,
1064 3436 1098 3498 δι
1107 3425 1163 3495 alii
1175 3423 1372 3497 mirabantur
1385 3424 1451 3494 haec
1462 3445 1528 3494 tam

167 3521 286 3596 eitoab
302 3547 343 3594 eo
354 3518 480 3591 dillolvi
492 3525 569 3590 citra
586 3519 733 3618 Algebrae
745 3543 866 3616 opem,
881 3546 952 3615 quae
966 3526 1021 3591 vix
1036 3518 1180 3613 Algebrae
1204 3514 1299 3613 ipsius
1322 3514 1464 3613 praefidio
1478 3543 1529 3587 re·

167 3617 341 3692 solverent.
367 3616 565 3687 Methodum
577 3620 761 3700 invenerat,
783 3639 881 3707 quarn
895 3611 1111 3684 exclusionum
1125 3609 1285 3693 vocabat,
1300 3634 1436 3705 quaeque
1447 3617 1530 3683 inter

170 3709 292 3785 diversa
306 3712 574 3785 Academicorum
587 3706 738 3808 opuscula
754 3709 920 3809 posthuma
927 3711 1012 3780 edita
1022 3707 1095 3779 fuit.
1112 3707 1275 3801 Qddam
1285 3702 1361 3773 huic
1372 3705 1527 3777 methodo

170 3829 244 3880 non
251 3805 396 3882 dillirnile
405 3808 529 3878 videtur
540 3807 621 3877 mihi
633 3805 714 3876 olim
727 3801 921 3906 proposuille
945 3799 1123 3876 Franciscus
1138 3808 1224 3874 liaeo
1242 3796 1367 3897 Angliae
1386 3801 1528 3876 Cancel-

169 3903 405 3978 latiusinnovo
414 3927 449 3973 or
473 3928 537 3973 ano
553 3905 592 3973 ad
606 3926 711 3973 rerum
724 3901 917 3974 naturalium
927 3898 1032 3974 causas
1045 3899 1246 4000 indagandas.

232 4003 272 4066 ln
292 4005 395 4070 eadem
410 3929 602 4070 cohedbione
624 3997 727 4069 brevis
744 4000 784 4067 de
798 3996 1090 4073 combinationibus
1109 4000 1289 4083 radiatio,
1311 3998 1406 4089 uti&
1428 3997 1528 4073 altera
1591 4043 1596 4056 „

169 4097 214 4164 de
227 4095 407 4188 quadratis,
420 4118 455 4165 ur
465 4092 661 4189 loquuntur,
684 4098 815 4189 magicis
831 4101 1024 4167 continetur.
1050 4099 1183 4190 Propter
1196 4115 1325 4161 morum
1340 4088 1527 4166 suavitatem

166 4199 204 4265 δι
221 4189 401 4262 dodlrinam
416 4189 604 4288 exquifitam
623 4197 656 4261 in
667 4216 784 4286 magna
794 4212 860 4261 erat
872 4192 956 4288 apud
969 4190 1108 4262 eruditos
1123 4193 1236 4286 gratia.
1263 4190 1527 4285 Qamdiuvixit,

167 4283 423 4361 elucubrationes
436 4281 502 4357 suas
520 4288 640 4386 publici
652 4289 727 4377 juris
743 4310 809 4355 non
828 4282 917 4355 fecit.

221 4388 284 4454 IX.
310 4386 433 4453 Eodem
453 4407 540 4451 anno
559 4382 663 4453 mense
686 4381 828 4452 Odlobri
847 4378 974 4480 insignis
995 4385 1169 4455 Geometra
1184 4391 1218 4455 dc
1239 4403 1312 4453 toto
1335 4379 1414 4451 orbe
1432 4405 1528 4456 notua
1588 4429 1590 4433 2

169 4479 315 4576 AEgidius
338 4476 521 4548 Pesonerius
535 4482 573 4548 de
600 4476 767 4550 Roberval
794 4478 989 4575 postremum
1016 4480 1100 4551 diem
1122 4477 1214 4550 suum
1244 4474 1338 4548 obiit.
1378 4482 1437 4548 Vir
1458 4502 1525 4550 erat

166 4575 207 4646 ad
223 4569 472 4644 Mathematicus
491 4567 668 4672 disciplinas
689 4599 804 4661 natus,
829 4600 907 4670 quas
920 4572 961 4645 ab
985 4600 1070 4645 anno
1083 4581 1182 4649 aetatis
1196 4572 1256 4645 suae
1280 4601 1317 4662 14
1340 4573 1380 4642 ad
1403 4597 1525 4645 annum

166 4667 266 4768 usque
278 4696 326 4757 74
341 4669 462 4751 coluit,
484 4693 521 4736 ac
539 4693 644 4738 tantos
657 4672 690 4738 in
707 4672 744 4739 iis
763 4669 940 4767 progressus
952 4671 1030 4743 fecit
1041 4697 1094 4761 ‚ut
1107 4678 1189 4744 inter
1200 4677 1262 4746 aevi
1275 4667 1319 4736 sui
1334 4673 1522 4740 Geometras

167 4790 248 4864 petie
268 4771 420 4866 princeps
438 4761 619 4839 haberetur.
637 4768 733 4838 Varia
746 4776 814 4860 ejus
828 4767 979 4865 opuscula
991 4769 1026 4841 iu
1038 4793 1106 4863 eo,
1126 4774 1215 4863 cujus
1226 4766 1426 4870 mentionem
1441 4761 1521 4836 feci.

1252 4866 1357 4954 Νι·
