3646 5430
391 301 734 408 sennem
768 304 1102 389 HISTORIA.
1156 308 1307 393 11le.
1495 318 1548 407 βψ

172 412 381 468 moveamur
394 398 431 467 in
446 398 497 470 lu's
513 398 663 477 musculis
677 403 797 502 quibus
810 405 1040 499 includuntur,
1058 431 1216 510 tanqum
1228 417 1262 483 in
1282 408 1390 500 tubis,
1406 431 1467 483 nec
1476 419 1550 488 arti·
1566 400 1654 494 Htst

176 492 351 566 eulmiom
368 518 445 566 tum
458 493 574 568 ollibus
586 504 714 572 narium
733 496 793 572 lint
806 504 982 596 conjurasti.
1563 502 1677 576 Arm.

231 599 262 662 V
273 593 315 659 Η
330 595 359 660 1.
386 594 519 693 Lingua
537 617 645 668 autem
659 602 743 667 intra
759 600 896 668 rostrum
922 598 1105 671 redotrndae
1117 599 1184 671 duo
1204 597 1276 673 sunt
1296 602 1317 674 a
1339 606 1451 678 naturd
1467 631 1548 680 con·

172 683 258 761 unffi
278 684 414 760 muscidi
435 696 580 786 vagina,
600 715 664 787 qua
689 717 726 762 os
747 691 883 791 hyoi'des
908 702 943 767 δι
977 698 1137 766 anteriora
1164 698 1362 770 ramulorum
1384 700 1548 775 filameuta

175 784 368 857 conduntur
391 788 441 871 B,
468 790 505 856 B.
527 789 614 858 Cum
634 793 722 859 enim
744 813 857 858 eorum
872 789 1119 885 produdlionrm
1144 799 1179 864 dc
1200 796 1457 868 contradlionrm
1484 824 1544 870 an.

178 881 416 980 agonistarum
431 884 661 978 productioni,
682 891 716 954 dr
731 886 947 956 contrastioni
967 882 1104 982 aequalrs
1124 884 1185 956 else
1204 910 1366 983 opozteat,
1380 917 1418 963 ac
1436 893 1545 992 lingua

173 979 272 1049 idem
295 981 357 1048 iter
379 974 555 1065 conficiat,
584 978 663 1051 dum
683 981 879 1070 regreditur,
904 981 991 1077 quod
1014 1004 1210 1078 percurrerat
1229 985 1314 1054 foras
1328 990 1435 1056 eundo
1449 1045 1460 1074 ,
1475 989 1544 1086 qud

176 1073 231 1146 illi
252 1072 427 1146 commode
452 1077 485 1143 in
506 1093 574 1145 tam
595 1077 689 1145 atsto
710 1060 838 1172 spatio,
869 1101 940 1175 quae
963 1083 1045 1146 inter
1065 1074 1204 1175 laryngis
1226 1100 1349 1175 partem
1371 1079 1544 1172 infimam,

174 1179 410 1249 &extremum
426 1169 518 1241 rostri
537 1175 703 1261 interjacet
719 1227 730 1258 ,
745 1168 971 1260 collocentur,
995 1170 1029 1240 id
1047 1169 1109 1241 fuit
1127 1177 1274 1245 'assatura
1298 1176 1487 1272 provisum,
1508 1203 1545 1253 ut

178 1286 320 1362 uterque
345 1261 504 1336 musculus
516 1271 601 1337 circa
612 1263 727 1365 aspera
744 1270 863 1338 arteria
876 1290 1001 1366 partem
1013 1262 1193 1364 supremam
1209 1325 1219 1357 ,
1233 1272 1317 1340 unde
1335 1269 1545 1349 ortumsuum

179 1370 291 1462 capit,
308 1358 582 1433 circumvolvatur
598 1417 609 1449 ,
625 1385 689 1432 una
704 1369 783 1433 item
801 1418 811 1447 ,
837 1361 983 1436 &altera
1001 1359 1223 1450 revolutione,
1237 1386 1295 1436 aut
1310 1371 1444 1439 circuitu
1455 1370 1546 1443 fauo

175 1453 218 1534 'ur
232 1480 335 1559 partes
357 1463 543 1533 contrarias.
569 1460 658 1527 Tum
677 1457 724 1529 illi
736 1461 769 1528 in
784 1459 904 1552 postica
930 1458 1069 1557 laryngis
1089 1479 1178 1553 parte
1205 1457 1389 1533 decussatim
1414 1467 1548 1537 interio-

176 1568 256 1628 'tem
269 1559 418 1651 vaginam
432 1554 591 1640 vestiunt,
608 1557 660 1624 cui
674 1556 921 1628 connectuntur.
944 1557 1031 1628 Cum
1041 1575 1150 1624 autem
1161 1578 1201 1622 va
1226 1562 1284 1625 ina
1295 1556 1351 1656 ipsi
1363 1581 1545 1634 extremum

182 1649 346 1722 corniculi
357 1646 513 1746 squamosi
534 1648 656 1746 linguae.
670 1650 816 1744 jundtum
836 1647 898 1729 fir,
920 1651 996 1721 hinc
1014 1651 1123 1719 evenit
1152 1673 1186 1719 ut
1202 1580 1259 1723 lis
1286 1651 1435 1726 musculis
1464 1680 1547 1727 ron.

179 1750 321 1836 tradiit,
334 1748 446 1841 vagina
459 1750 493 1814 in
512 1742 543 1817 se
555 1741 655 1844 ipsam
676 1747 806 1830 redeat,
827 1754 859 1814 dr
880 1746 1023 1844 linguatu
1035 1747 1070 1813 in
1083 1744 1220 1815 rostrum
1239 1747 1369 1820 reducat
1391 1805 1402 1837 ,
1427 1775 1466 1821 ac
1486 1754 1547 1823 de-

182 1867 280 1914 mum
306 1842 490 1938 posteriores
504 1841 705 1913 ramulorum
722 1835 796 1910 offis
818 1839 947 1936 hyo'idis
973 1843 1187 1912 extremitates
1202 1841 1356 1938 repellant
1379 1848 1411 1914 in
1433 1870 1545 1936 nates,

177 1944 236 2009 'cui
256 1934 324 2008 usui
342 1958 476 2033 quoque
497 1932 568 2006 sunt
589 1942 649 2008 tria
672 1936 844 2033 ligamenta
862 1936 986 2008 elastica
1003 1957 1168 2032 ,quorum
1183 1935 1317 2008 fecimus
1332 1947 1541 2012 mentionem,

181 2036 362 2131 Postquam
375 2036 462 2103 enim
481 2034 634 2128 produdla
654 2031 782 2102 suntab
801 2038 837 2102 iis
855 2029 1026 2118 musculis,
1051 2035 1109 2127 qui
1139 2026 1282 2130 linguam
1301 2032 1389 2106 foras
1412 2036 1544 2133 propel.

183 2120 275 2216 lant,
301 2128 444 2198 relaxatis
458 2127 505 2197 his
521 2125 670 2199 musculis
685 2127 789 2198 statim
804 2127 859 2198 illa
874 2126 1105 2199 contrahuntur
1115 2179 1127 2213 ,
1151 2133 1186 2197 ἀ
1215 2131 1251 2200 in
1272 2153 1363 2202 nares
1384 2131 1545 2205 revehunt

179 2226 330 2298 ramulos
341 2219 416 2294 offis
430 2222 581 2320 hyo'idis,
602 2222 717 2320 quibus
738 2220 809 2295 sunt
824 2223 956 2322 illigata.

240 2327 280 2393 ln
294 2317 420 2390 summi
432 2323 529 2390 cranii
551 2343 638 2419 parte
653 2319 799 2415 quadam
811 2319 854 2390 ell
867 2318 955 2391 velut
970 2320 1065 2405 stria,
1103 2343 1150 2389 uae
1162 2342 1314 2392 unacum
1369 2321 1546 2395 llecanali-

181 2416 300 2490 culum
320 2413 441 2500 efficit,
459 2440 528 2512 quo
540 2418 694 2515 posterior
713 2440 783 2512 pars
796 2414 994 2484 ramulorum
1007 2342 1308 2509 offisliyoidiscum
1336 2420 1382 2485 uis
1396 2416 1545 2491 musculis

178 2514 414 2586 'concluditurr
434 2514 467 2578 in
491 2537 560 2607 quo
572 2514 703 2609 quidem
722 2508 827 2580 wcuriali
851 2506 949 2580 liberd
972 2531 1143 2578 moventur
1160 2531 1263 2603 partes
1282 2511 1354 2581 illae.
1379 2517 1446 2583 Hic
1465 2538 1544 2584 vero

179 2609 305 2679 canalis
318 2605 420 2678 obstat
434 2612 609 2701 quominus
623 2612 702 2678 rami
719 2602 790 2676 offis
806 2604 934 2702 hyo'idis
952 2598 1148 2675 dextrorsum
1165 2658 1175 2688 ,
1205 2627 1259 2674 aut
1285 2603 1493 2678 finistrorsum
1522 2611 1545 2680 is

168 2699 294 2802 'seipfis
306 2702 490 2787 dellrdlanu
521 2728 596 2772 cum
622 2698 801 2774 antrorsum
818 2699 1065 2801 propelluntur,
1084 2706 1117 2771 δι
1129 2693 1223 2769 srrum
1236 2697 1327 2772 suum
1346 2700 1546 2774 facilerecu-

180 2797 386 2899 perent,ubi
397 2797 567 2870 retrorsum
586 2801 788 2871 reducuntur.

240 2900 315 2969 tx.
343 2899 406 2966 His
427 2899 553 2966 intento
573 2899 685 2965 animo
714 2891 939 2980 confideratis,
963 2915 1033 2988 qurr
1052 2895 1204 2962 nimirum
1225 2888 1262 2964 srt
1290 2892 1405 2995 lingua
1429 2894 1544 2993 ipsius,

179 2989 260 3065 offis
276 2990 406 3088 hyo'idis
422 3048 431 3076 ,
453 2999 485 3061 &
501 2988 723 3076 ramulorum,
740 3013 815 3058 cum
829 2995 896 3060 unit
912 2987 1078 3058 sumuntur
1096 3043 1106 3075 ,
1126 2989 1319 3084 longitudo,
1337 3017 1408 3089 quae
1425 2992 1462 3065 stt
1476 2999 1544 3064 ori·

178 3113 257 3185 go,
279 3097 313 3161 δι
335 3082 464 3158 insertio
485 3083 703 3156 musculorum
728 3084 960 3170 determinata,
978 3106 1118 3177 quorum
1141 3108 1203 3180 ope
1219 3084 1327 3180 lingua
1341 3093 1495 3175 exeritur,
1509 3098 1544 3162 δι

165 3171 316 3256 -mtus‘se
339 3185 476 3274 recipit,
493 3182 635 3273 judicatu
658 3177 752 3250 facile
767 3179 811 3250 est
834 3176 1038 3276 Alphonsum
1061 3176 1224 3249 Borellurn
1248 3181 1408 3252 nonnullo
1435 3207 1544 3256 errore

181 3277 312 3376 lapsum
331 3278 412 3361 esse,
427 3301 502 3345 cum
516 3280 552 3345 iis
574 3271 721 3346 musculis
742 3298 879 3368 quatuor
899 3297 1024 3346 tantum
1042 3273 1175 3369 pollices
1203 3279 1237 3343 in
1261 3274 1396 3374 longum
1420 3280 1543 3354 tribuit.

181 3380 281 3449 Nam
304 3377 416 3469 lingua
429 3395 514 3440 extra
540 3374 675 3443 rostrum
693 3370 732 3440 ad
760 3394 900 3464 quatuor
927 3368 1057 3467 pollices
1082 3374 1543 3462 erumpenseandemremeti·

178 3492 239 3542 tur
256 3476 341 3541 viam
357 3466 412 3537 ubi
427 3467 601 3563 regreditur
629 3502 638 3557 ;
661 3466 744 3535 unde
766 3463 925 3551 musculi,
963 3468 1078 3532 uieam
1101 3465 1307 3560 producunt,
1377 3470 1544 3556 reducunt,

163 3563 329 3662 ’quatuor
349 3564 461 3635 itidem
478 3562 610 3658 pollices
633 3561 814 3661 produci&
835 3582 946 3630 contra
972 3564 984 3627 i
1008 3557 1142 3643 debeor,
1167 3560 1253 3649 iique
1273 3563 1354 3628 adeo
1382 3561 1544 3655 longiores

183 3688 214 3754 4
237 3663 343 3758 digitis
358 3683 412 3731 eos
424 3653 487 3728 else
502 3654 621 3731 necesse
634 3659 677 3730 est
694 3680 703 3726 r
722 3659 890 3726 nonenim
905 3678 974 3727 tota
995 3660 1028 3746 dr
1044 3656 1166 3749 integra
1179 3647 1225 3720 sui
1242 3652 1443 3752 longitudine
1462 3681 1545 3731 cou-

180 3757 371 3828 trahuntur.

242 3850 468 3947 Qamobrem
490 3873 527 3919 tx
543 3871 681 3944 quatuor
694 3851 803 3946 primis
817 3842 966 3918 musculis
984 3869 1090 3940 ,quos
1113 3844 1256 3915 Borellus
1284 3845 1399 3944 lingua·
1420 3846 1550 3940 tribuit,

169 3970 228 4021 ut
241 3969 349 4018 motus
364 3944 437 4017 suos
458 3941 625 4040 perficiat,
643 3968 720 4015 curn
744 3945 809 4014 duo
826 3943 868 4013 ab
884 3962 1029 4013 extremo
1043 3942 1132 4011 rollri
1146 3939 1329 4027 inferioris,
1356 3953 1457 4015 caeteri
1478 3955 1548 4042 (ut

183 4040 247 4145 ipsi
260 4039 363 4114 visum
377 4041 443 4128 eli)
459 4037 501 4110 ab
516 4046 674 4111 anteriore
688 4061 777 4137 parte
788 4043 887 4111 cranii
898 4047 1061 4124 oriantur,
1077 4045 1110 4108 dr
1126 4060 1264 4133 quatuor
1274 4038 1321 4107 illi
1332 4037 1402 4112 ossis
1417 4041 1546 4139 hyo‘rdis

169 4143 301 4212 -medio
315 4133 511 4224 inserantur,
529 4139 617 4230 quod
633 4140 654 4209 8
668 4139 785 4232 digitos
815 4135 949 4229 longum
962 4134 1027 4220 est,
1054 4134 1084 4201 id
1100 4131 1229 4230 planum
1243 4131 1279 4206 fit
1291 4132 1346 4205 tffi
1356 4138 1545 4208 &umillum

167 4233 232 4307 -ob
244 4241 282 4306 iis
297 4230 448 4305 musculis
467 4229 628 4330 proficisci
639 4232 826 4303 nullatenus
836 4229 942 4330 poss'e,
954 4226 976 4299 sr
986 4250 1021 4299 ut
1035 4227 1165 4298 Borollo
1180 4231 1325 4320 videtur,
1338 4230 1450 4331 singuli
1463 4232 1547 4303 ultra

184 4353 330 4429 quatuor
345 4327 478 4428 pollices
497 4332 529 4397 in
543 4327 683 4425 longum
694 4351 761 4397 non
776 4345 915 4426 pateant.

166 4458 176 4476 ν
208 4463 212 4469 -
236 4433 283 4504 Χ.
310 4430 433 4520 Neque
448 4423 531 4493 haur:
554 4421 700 4494 induisset
719 4428 907 4522 opinionem
930 4419 1106 4507 Botellus',
1130 4417 1347 4493 sradvertillrt
1372 4422 1452 4492 duos
1474 4420 1548 4494 illos
1599 4469 1602 4475 -

185 4520 351 4595 musculos
370 4520 393 4591 d
417 4519 520 4588 rostro
543 4520 697 4589 oriundos
720 4538 828 4590 torum
854 4543 890 4590 os
914 4518 1052 4616 layoi'des
1073 4527 1110 4591 dc
1134 4527 1200 4614 ejus
1224 4541 1328 4587 ramos
1355 4534 1547 4618 percurrere.

182 4617 466 4712 muneramus
479 4615 623 4700 videtur,
641 4615 731 4708 quud
754 4635 1021 4712 unumquemque
1039 4636 1077 4684 ex
1101 4614 1150 4685 his
1173 4610 1321 4682 musculis
1344 4622 1376 4684 in
1394 4614 1474 4680 duos
1495 4612 1547 4680 di.

183 4714 319 4813 viserit,
337 4739 376 4787 ac
395 4710 462 4785 sola
480 4714 650 4810 agnoverit
668 4706 829 4782 lrlamenta
845 4715 1014 4783 anteriora
1031 4711 1231 4781 ramulorum
1252 4703 1327 4779 offis
1340 4706 1494 4802 hyoi'dir,
1513 4712 1546 4778 in
1578 4773 1580 4779 .

167 4836 186 4873 r*
292 4846 295 4854 «
1218 4825 1236 4838 ⁴
