3646 5430
394 352 718 432 ¹ACADEMM
743 357 1086 438 ‘ms'rolttn
1140 366 1284 446 urst.
1494 398 1538 462 9⁹

183 457 261 544 Ait,
273 474 375 554 atque
390 455 430 525 ad
442 452 613 624 Pp‘pscam
620 459 723 554 magis
732 480 834 552 quam
844 457 885 530 ad
898 455 1072 533 Matbelirn
1083 460 1208 534 videtur
1217 469 1393 563 pertineres
1412 469 1535 542 tametfi
1553 471 1656 543 Terre

182 551 373 629 Mechanica
392 556 458 624 utri
493 574 558 646 que
577 549 621 620 est
634 545 781 626 scientie.
1550 573 1671 662 mſsa.

228 650 273 722 V.
309 653 402 720 Dum
420 649 489 720 hac
504 655 538 718 dc
554 646 615 718 alia
655 648 868 747 uamplurima
882 654 1077 746 agitarentur
1097 709 1109 741 ,
1137 678 1204 751 qua
1232 661 1357 730 ratione
1375 665 1408 731 in
1426 659 1534 758 pletis.
1551 684 1603 740 ra,
1658 645 1665 656 ’

173 774 236 849 que
266 744 349 814 locis
369 751 440 841 agri
463 673 670 816 Bononienlls
694 751 727 816 &
753 742 944 817 Mutinenlis
964 745 1078 820 incolat
1095 746 1201 821 fontes
1225 748 1366 828 salientes
1393 756 1411 826 ὲ
1434 762 1535 852 puteis

176 836 440 944 profundioribus
453 841 638 922 educerent,
659 842 704 912 D.
719 837 864 912 Callinus
876 836 1033 940 exposuit.
1070 843 1176 917 Altius
1200 852 1352 919 nimirum
1374 847 1536 923 effodiunt

170 963 293 1013 terram
310 935 390 1006 dum
404 935 509 1009 solum
525 931 705 1029 subjedium
723 940 759 1008 vi
779 961 870 1034 aquae
895 932 1003 1008 subtus
1029 935 1225 1014 scaturientis
1249 944 1458 1019 intumesoete
1481 952 1534 1017 vi-

172 1039 302 1110 deatur.
328 1036 418 1104 Tum
432 1029 593 1133 ptaelonga
607 1025 733 1102 terebra
748 1055 865 1104 terram
878 1031 1042 1132 perforant
1055 1092 1066 1124 ,
1083 1044 1116 1109 ἃ
1129 1039 1208 1108 dato
1221 1044 1306 1112 exitu
1320 1065 1404 1139 aqua
1417 1065 1536 1137 magna

175 1131 381 1225 vietumpit,
405 1153 479 1225 quae
503 1152 572 1197 non
593 1148 727 1224 puteum
754 1130 854 1199 modo
879 1129 1022 1226 implet,
1043 1128 1093 1204 sed
1116 1135 1276 1205 exundans
1298 1143 1427 1232 perenni
1448 1133 1537 1209 fluxu
1561 1193 1571 1210 .

169 1249 296 1326 agmen
314 1225 555 1319 circumjestum
568 1224 679 1317 irrigat
695 1277 706 1309 ,
724 1246 779 1295 aut
796 1229 911 1322 aptatis
927 1219 1009 1294 tubis
1027 1222 1148 1299 sursum
1161 1224 1303 1302 effittur.
1324 1232 1435 1329 Atque
1456 1231 1536 1303 illud

174 1322 255 1397 saris
267 1319 310 1390 est
321 1318 485 1417 probabile
508 1341 561 1388 eas
579 1340 737 1412 aquarum
760 1314 964 1421 scaturigines
981 1343 1019 1389 ex
1039 1326 1214 1423 Apennino
1230 1349 1368 1414 monte,
1394 1331 1451 1423 qui
1475 1328 1535 1399 dc-

174 1443 253 1491 oem
265 1414 328 1486 iere
345 1414 536 1488 milliaribus
546 1411 622 1482 hinc
634 1413 749 1503 distat,
764 1439 818 1510 per
828 1411 1047 1490 subterraneos
1065 1443 1187 1491 meatus
1203 1418 1320 1497 delabi.
1353 1428 1444 1496 Nam
1455 1447 1536 1494 con·

173 1512 268 1585 dimili
287 1535 373 1611 pene
390 1507 526 1583 artificio
545 1512 580 1578 in
600 1507 726 1578 Austtia
740 1508 893 1582 inferiore
907 1533 979 1607 quae
1001 1513 1103 1584 Stiria
1117 1512 1282 1587 montibus
1305 1524 1444 1618 cingitur
1457 1573 1469 1605 ,
1487 1522 1533 1590 in·

174 1608 252 1680 oola
267 1611 319 1677 uti
331 1605 436 1679 solent
448 1629 484 1678 ut
501 1627 615 1705 puteos
628 1627 714 1699 aqua
728 1604 894 1704 impleant.

219 1709 266 1777 D.
295 1707 427 1776 Niouet
449 1701 669 1774 machinarum
696 1725 767 1798 quae
796 1726 848 1770 ma
874 1708 898 1773 is
919 1701 989 1773 sunt
1022 1702 1139 1776 usrtatae
1170 1709 1205 1776 in
1253 1705 1389 1809 letisque
1413 1708 1536 1783 artibus

165 1823 269 1900 typos
283 1794 505 1870 confidendos
521 1802 664 1882 curavit,
687 1801 792 1891 quiin
812 1726 1047 1870 observatoris
1061 1803 1169 1898 Regio
1186 1731 1394 1879 adluantur.
1422 1811 1535 1901 Quam

169 1900 204 1968 in
216 1919 290 1966 rem
304 1899 352 1966 D.
367 1893 511 1991 Couplet
523 1915 655 1988 operam
668 1886 757 1963 suam
777 1899 811 1964 dc
837 1895 1023 1966 industriam
1042 1897 1192 1968 contulit.
1225 1903 1329 1969 Vatia
1346 1905 1443 1972 etiam
1463 1926 1537 1971 nra·

170 1992 275 2062 eltinre
294 1989 333 2060 ad
354 1990 563 2063 Academiam
587 1987 666 2078 judu
683 1992 727 2060 D.
745 1986 883 2061 colbert
901 1987 1059 2088 asportate
1078 2047 1090 2077 ,
1114 1988 1252 2063 discussa
1277 1992 1417 2070 fuerunt.
1449 2003 1536 2068 Inter

168 2085 249 2158 alias
262 2090 372 2184 pontis
387 2085 546 2184 portatilis
571 2080 634 2153 fuit
655 2079 814 2181 designata
835 2082 983 2156 machine
1000 2108 1066 2180 qua
1082 2110 1192 2183 portus
1207 2096 1374 2188 expurgari
1395 2088 1535 2188 poliunt.

166 2183 233 2254 uod
254 2188 302 2257 D.
321 2185 449 2278 Niquet
468 2181 564 2251 aliam
582 2178 658 2250 huic
674 2185 776 2278 magis
796 2179 947 2251 idoneam
963 2189 996 2253 δι
1021 2184 1200 2280 expeditam
1217 2183 1384 2286 proposuit
1404 2214 1413 2260 ε
1437 2193 1535 2261 mitto

170 2277 268 2373 alias,
289 2302 326 2349 ut
336 2275 490 2374 segetibus
504 2272 718 2373 persecandis,
730 2299 785 2348 aut
802 2276 985 2346 triturandis
1003 2274 1192 2375 propositas.

166 2393 174 2433 i
220 2381 282 2451 11.
334 2375 421 2445 Ante
441 2375 474 2444 id
493 2377 675 2467 temporis,
703 2393 790 2441 anno
823 2387 919 2458 ¹⁶⁶9·
941 2366 1118 2465 susceptum
1144 2381 1179 2442 dc
1204 2398 1362 2468 quantum
1394 2375 1535 2449 bumana

168 2477 283 2569 potuit
310 2469 459 2542 iudtdlria
487 2466 667 2570 perfedlum
689 2465 751 2537 fuit
770 2489 852 2566 opus
876 2465 1052 2536 Academia
1076 2467 1209 2564 dignum
1234 2470 1273 2538 de
1293 2492 1383 2540 tetrae
1407 2472 1536 2542 dimen-

172 2563 280 2641 fiune.

227 2665 321 2735 Cum
340 2663 403 2735 lroc
420 2659 582 2763 problema
609 2656 822 2759 Geographia
847 2656 904 2757 ipsi
927 2663 962 2728 dc
984 2658 1180 2754 navigationi
1200 2656 1238 2730 stt
1260 2659 1393 2756 perutile
1419 2716 1430 2748 ,
1466 2684 1534 2735 non

172 2757 201 2829 d
214 2762 372 2832 veteribus
384 2761 501 2847 modo,
521 2754 571 2827 sed
584 2762 683 2828 eriam
702 2757 722 2826 ὲ
740 2750 968 2825 recentioribus
987 2756 1169 2824 Geomettis
1183 2756 1323 2828 multum
1343 2755 1461 2828 laboris
1475 2782 1532 2828 ex·

169 2851 323 2928 baustum
336 2857 400 2942 eli,
414 2878 450 2926 ut
465 2854 604 2949 liqueret
619 2873 775 2948 quantum
799 2872 905 2946 pateat
919 2873 1000 2918 unus
1024 2848 1109 2920 orbis
1131 2871 1219 2921 terrae
1233 2851 1369 3018 gradus.
1420 2853 1532 2925 Ptole.

168 2974 271 3023 matus
283 2977 359 3024 eum
374 2965 420 3024 66
440 2950 640 3022 milliaria&
659 2951 860 3016 leontinere
879 2983 887 3021 s
914 2941 1034 3014 Arabes
1053 2947 1129 3018 teste
1145 2944 1229 3017 Abul

170 3056 302 3138 menis,
336 3074 412 3120 curn
433 3052 467 3118 in
494 3015 675 3145 planitiem¹
697 3042 817 3107 Saniaer
829 3039 909 3132 pullu
928 3039 973 3110 sui
989 3044 1140 3139 principis
1154 3042 1391 3131 convenissent,
1419 3052 1451 3114 dt
1473 3042 1531 3118 sub

167 3146 287 3218 eodem
301 3147 482 3218 meridiano
491 3143 622 3238 quidam
638 3136 785 3210 Austrum
796 3133 913 3224 versus,
927 3135 995 3205 aliis
1002 3139 1035 3205 in
1053 3140 1310 3233 Septentrionem
1324 3136 1428 3235 spatio
1439 3144 1533 3214 unius

167 3243 285 3340 'gradus
301 3239 516 3342 ptoceffilient
531 3297 540 3326 ,
555 3238 690 3334 gradum
713 3259 814 3304 unum
850 3248 868 3307 6
893 3231 1041 3305 milliaria
1064 3254 1172 3331 patere
1193 3257 1418 3327 compererunt
1444 3260 1453 3305 t
1489 3242 1534 3309 ita

166 3345 205 3407 'ut
234 3364 275 3410 ro
299 3337 492 3409 milliaribus
512 3335 533 3407 d
551 3333 726 3407 Ptolemato
751 3263 942 3403 diffiderent.
983 3331 1011 3396 A
1034 3328 1212 3401 Ptolemaeo
1235 3334 1293 3425 qui
1308 3355 1368 3401 aem
1395 3328 1535 3430 spatium

170 3435 263 3504 unius
277 3434 396 3532 gradus
406 3461 472 3531 500
487 3434 588 3503 iladiis
600 3427 662 3501 fuit
677 3424 971 3522 definitum‚quod
992 3423 1111 3495 Arabes
1143 3424 1182 3491 ad
1220 3438 1260 3496 66
1299 3425 1446 3524 milliaria
1480 3453 1532 3497 re-

165 3536 355 3601 irotarunt:
380 3532 462 3600 adeo
481 3553 516 3600 ut
541 3523 798 3618 unumquodque
818 3523 951 3592 milliare
971 3549 989 3603 7
1007 3518 1101 3587 stadia
1126 3513 1138 3603 ζ
1170 3518 1416 3613 complectatur.
1470 3523 1534 3594 Std

169 3621 292 3718 quibos
313 3621 385 3697 usus
405 3623 501 3696 fuerit
519 3624 621 3696 stadiis
642 3619 854 3700 Ptolemaeus,
883 3620 1004 3685 Graecis
1035 3641 1075 3685 an
1099 3615 1350 3701 Alexandrinis,
1370 3615 1532 3712 qnaevestt

173 3738 323 3795 accurata
337 3721 427 3820 pedis
439 3722 583 3792 Romani
599 3713 762 3794 mensura,
787 3710 879 3782 valde
899 3717 1059 3783 incertum
1079 3709 1133 3782 eli.

176 3868 182 3877 .
219 3820 277 3885 m.
299 3821 414 3913 Qrare
427 3819 614 3885 omittamus
630 3835 773 3881 veterum
794 3808 855 3879 bac
868 3812 907 3881 de
922 3831 956 3877 re
970 3803 1136 3880 sententias
1147 3863 1156 3890 ‚
1167 3829 1239 3902 quat
1253 3813 1391 3880 nimium
1404 3807 1531 3885 intense

181 3907 288 3980 distant
303 3970 312 3996 ‚
327 3912 409 3987 adeo
421 3934 457 3981 ut
471 3906 514 3979 ab
531 3905 697 3980 Ariilotzle
711 3908 749 3976 ad
763 3905 883 3979 Arabes
897 3902 997 4002 usque
1011 3911 1104 3977 unius
1121 3907 1236 3998 gradus
1250 3902 1385 4003 spatium
1400 3903 1529 4006 semper

176 4000 344 4081 decrescat.
377 4011 468 4080 Nam
490 4002 664 4076 Aristotelis
677 3999 876 4103 temporibus
901 4032 911 4075 ι
925 4031 935 4076 ι
949 4034 959 4076 ι
973 4029 985 4074 t
1006 4004 1339 4094 stadia,‘Ersiiotbenis
1351 4034 1434 4092 τοο,
1448 4004 1527 4078 Pos-

170 4091 295 4170 iidonii
318 4117 396 4176 666
423 4160 433 4190 ,
459 4101 623 4172 Ptolemaei
643 4125 722 4193 5⁰0
752 4098 844 4167 lladia
866 4100 1104 4196 eompltdlitur.
1138 4106 1224 4171 inter
1246 4106 1455 4174 Recentiores
1478 4102 1527 4170 lu·

169 4197 297 4293 'periuri
312 4194 421 4271 leculo
440 4197 647 4267 aestimatione
669 4197 806 4286 quadrm
831 4192 1012 4268 aternum
1031 4193 1216 4267 conclusum
1239 4198 1300 4272 fuit
1326 4205 1435 4287 68096
1454 4194 1527 4296 pns-

171 4289 223 4363 sus
247 4296 474 4403 Deometricos
496 4288 547 4364 seu
570 4305 680 4391 §⁶74⁶
699 4287 874 4390 herapedas
896 4301 970 4379 &4
1003 4291 1095 4390 pedes
1119 4289 1303 4367 Parisrcnses
1333 4319 1399 4364 uno
1426 4290 1528 4393 gradu

171 4409 345 4463 contineri.

171 4482 176 4521 ³
222 4484 364 4557 Snellius
375 4494 409 4558 in
425 4482 629 4559 Erallotlrene
649 4489 768 4555 Batavo
785 4483 851 4559 l.2.
870 4507 900 4556 c.
922 4514 954 4571 9.
977 4488 1146 4556 certiorem
1167 4493 1200 4557 dt
1229 4493 1330 4586 magis
1351 4486 1526 4572 geometri·

170 4598 244 4650 'cam
261 4582 464 4669 iniuriam,
483 4608 548 4676 qua
563 4581 705 4673 -gtadnm
728 4605 828 4653 unum
840 4587 1014 4661 continere
1047 4588 1153 4672 rupo
1174 4588 1308 4683 perticas
1328 4577 1524 4675 Rhenenl'es,

174 4671 223 4750 stu
249 4704 343 4770 prou
361 4678 538 4776 hexapedas
556 4673 736 4749 Parisrensts
751 4680 914 4771 judicavit.
1514 4768 1518 4777 1

171 4763 181 4836 ἶ
216 4769 1314 4943 Ἠαίοίιῠὼωαὴοιίο-ιά6ιροοὴωρεάκεωΡωωονῖἰὲ.
1343 4870 1361 4887 ..
1451 4786 1469 4845 .’

1339 4894 1362 4964 ¹l

1264 2949 1304 3016 da
1325 2953 1359 3017 in
1376 2947 1530 3048 prolego.
