3646 5430
446 299 770 374 ACAD'EMIAE
826 298 1340 385 Hrsrourn.un.1v.
1492 316 1561 409 225

229 392 354 487 itaque
367 393 545 509 superficies
566 394 645 470 basis
661 402 722 469 erit
741 421 842 470 ruoo
865 397 1017 499 hexaped
1035 405 1071 473 dc
1091 397 1228 479 solidum
1251 407 1429 508 Pyramidis
1441 433 1552 508 3¹3590
1569 397 1682 495 <lumi

174 487 307 659 belial:
322 492 582 682 cuilldarhhtdrlqh
602 613 643 675 17
669 590 789 755 Aprilis
804 587 957 690 usquead
980 624 993 685 ς
1007 597 1100 696 Junii
1125 621 1224 670 omne
1234 622 1334 694 genus
1344 600 1551 677 observatio·
1633 584 1664 607 ⁹

174 701 270 751 mum
292 679 382 759 fecit.
421 690 466 757 Ex
489 689 583 756 variis
602 709 687 755 emer
703 687 830 758 sonibus
854 691 952 786 primi
975 687 1116 763 satellitis
1145 715 1219 765 cum
1240 693 1398 769 Parifienfi
1423 700 1552 774 calculo
1698 762 1701 767 .

175 773 337 942 collaqs,
355 782 534 950 cqnstanter
549 785 673 853 inuenit
688 778 904 864 diffitentiam
917 783 1158 885 longitudinum
1176 815 1190 861 ι
1209 789 1283 867 hor.
1309 817 1340 884 ιι
1365 820 1411 874 m.
1431 804 1466 870 de
1489 797 1550 872 ali-

180 893 273 969 quot
299 899 379 946 ecun

232 971 437 1043 Dardanellis
454 971 608 1060 latitudo,
622 1005 694 1071 40,
720 1002 770 1053 ιο.

227 1064 522 1165 Constantinopoli
534 1068 555 1139 ὲ
567 1067 654 1143 sexto
667 1074 718 1144 die
732 1073 931 1174 Septembris
943 1077 983 1146 ad
995 1071 1094 1148 finem
1106 1072 1206 1176 usque
1217 1083 1376 1158 Odobris
1392 1089 1427 1156 in
1448 1089 1547 1157 Frena

173 1164 245 1232 aeiae
268 1159 392 1234 Palatio
421 1161 655 1239 observationes
681 1175 787 1242 omnis
802 1180 925 1270 generis
943 1170 1021 1245 fecit
1043 1229 1054 1258 ,
1076 1169 1291 1251 differentiam
1308 1179 1546 1281 longitudinum

131 1283 136 1287 ·
178 1259 270 1334 inter
287 1259 607 1357 Constantinopolim
632 1272 665 1334 dc
685 1269 845 1338 Lutetiam
861 1292 900 1338 ex
918 1266 1123 1341 immersione
1146 1277 1242 1368 primi
1267 1273 1407 1350 satellitis
1426 1278 1477 1348 die
1496 1305 1545 1374 24

180 1348 260 1429 hot.
273 1382 311 1439 ι,
324 1381 358 1437 19
374 1410 385 1440 ,
401 1354 669 1449 invenith.1,4r
680 1417 691 1448 ,
706 1391 765 1455 14,
781 1363 833 1433 die
847 1389 879 1437 ιι
890 1362 1028 1436 altitudo
1040 1365 1124 1437 Solis
1135 1371 1266 1443 mventa
1282 1403 1329 1471 49
1349 1431 1360 1464 ‚
1386 1381 1459 1465 48,
1482 1400 1513 1472 35
1531 1428 1545 1467 ,

170 1469 262 1543 acus
276 1456 463 1551 magnetica
480 1459 667 1530 variatione
688 1457 779 1556 grad.

194 1645 1529 1693 -----------

583 1786 884 1872 CAPUT
970 1791 1102 1880 111.

708 2010 763 2077 De
786 2002 1021 2087 Geometrt'tr‘r.

172 2212 209 2284 1.
337 2214 401 2292 1]ae
417 2205 682 2294 Mathtseossunt
693 2232 803 2306 purte,
824 2202 1009 2301 cuiusmodi
1019 2211 1093 2285 sunt
1107 2217 1333 2304 Geomerrica,
1349 2219 1543 2296 Arithmeti-

343 2334 400 2395 ca,
419 2315 452 2376 dt
475 2306 689 2404 Algehra'ica‚
704 2328 840 2402 queque
855 2307 925 2377 sunt
944 2306 1129 2381 Matheseos
1143 2335 1218 2382 cum
1237 2312 1540 2413 Phyficapermislq,
1688 2324 1691 2329 ’

176 2404 374 2479 Mechanica
388 2407 565 2488 nimirum,
580 2400 829 2491 Hydrostatica,
848 2403 1046 2499 Opticahoc
1057 2427 1201 2476 vertente
1213 2432 1303 2479 anno
1319 2414 1439 2501 agitata
1461 2469 1472 2500 ,
1504 2427 1541 2493 σε

167 2504 371 2598 ¹pertradtata
383 2500 551 2594 diligenter
562 2493 735 2569 exscribere
751 2493 774 2566 st
788 2495 922 2583 liberet,
940 2498 1023 2591 justo
1045 2499 1403 2601 volumine'opuseffet.
1426 2502 1540 2606 ltaque

173 2597 249 2669 satis
262 2597 462 2670 nobissuerit
475 2592 599 2667 summa
612 2617 726 2663 eorum
742 2600 845 2694 capita
866 2594 1055 2686 decurrere,
1081 2620 1152 2694 quae
1169 2599 1203 2668 in
1222 2598 1342 2672 scriniis
1356 2603 1539 2680 Academiae

173 2691 386 2768 alsemanrur.

234 2793 367 2862 ineunte
382 2789 447 2859 hoc
464 2813 551 2859 anno
570 2811 689 2885 nempe
714 2785 765 2857 die
787 2801 829 2860 26
848 2788 995 2886 januarii
1019 2795 1064 2866 D.
1086 2789 1126 2862 de
1149 2790 1180 2863 la
1201 2795 1285 2864 Hire
1309 2793 1537 2889 quadraturam

174 2885 368 2959 conchoi'dis
388 2883 500 2956 circuli
515 2907 585 2955 tum
601 2889 779 2982 integram,
800 2907 871 2955 tum
889 2891 988 2958 etiam
1007 2912 1064 2985 per
1084 2910 1188 2985 partes
1204 2887 1394 2961 delineatam
1420 2901 1454 2966 δι
1477 2897 1539 2968 de.

170 2972 388 3053 monstratam
405 2979 548 3051 exhibuit
572 3036 583 3066 ,
610 2982 657 3050 uti
686 2989 719 3050 dc
744 2979 916 3068 cochleae,
944 2981 999 3054 seu
1022 2984 1145 3054 limacis
1169 2979 1306 3080 figuram
1328 3039 1339 3069 ,
1365 3011 1466 3081 quam
1490 2996 1535 3064 D·
1639 3052 1651 3070 ,

168 3075 309 3153 Paschal
333 3078 415 3149 olim
440 3074 673 3176 proposuerat,
700 3082 788 3169 cujus
814 3097 979 3176 tangentes
1004 3083 1168 3151 Dominus
1198 3079 1236 3149 de
1263 3077 1429 3156 Roherval
1466 3112 1538 3158 me-

168 3170 281 3244 'rhodo
305 3175 359 3247 sua
381 3172 494 3245 usitata
520 3197 574 3269 per
596 3197 702 3245 motus
722 3169 918 3272 compofitns
942 3176 1072 3247 tradidit
1097 3174 1440 3271 praedictionum
1455 3186 1539 3255 Ma·

170 3267 451 3356 thematicarum‚
482 3296 561 3366 quas
587 3271 692 3365 D.de
711 3268 741 3338 la
762 3276 843 3342 Hire
866 3270 974 3344 edidit⁴
1009 3270 1164 3362 inhujus
1188 3327 1200 3358 ‚
1224 3275 1393 3367 inquam,
1428 3276 1537 3376 figura

168 3363 410 3468 descriptione,
433 3391 504 3461 quae
526 3362 646 3463 species
667 3365 812 3460 quaedam
839 3366 883 3434 est
899 3362 1045 3462 spiralis,
1066 3366 1165 3439 D.de
1187 3365 1355 3439 Roberval
1382 3376 1427 3443 ait
1449 3397 1536 3463 eam,

169 3487 249 3558 quae
259 3465 333 3537 huic
351 3465 457 3561 figurae
473 3460 681 3533 describendae
702 3458 867 3531 adhibetur
885 3459 1028 3557 regulam
1049 3485 1107 3532 aut
1132 3459 1340 3547 mensuram,
1373 3471 1535 3542 minorem

168 3556 238 3629 elie
252 3585 401 3661 oportere
423 3561 584 3632 diametro
603 3554 713 3628 circuli
730 3557 945 3651 generantis,
974 3579 1111 3655 quaque
1134 3555 1183 3626 illi
1208 3578 1244 3626 ut
1262 3555 1342 3629 hafis
1365 3555 1536 3633 substerni-

163 3673 239 3729 3⁰1¹.
1532 3719 1534 3724 .

226 3757 308 3824 Haec
329 3778 396 3827 erat
419 3754 564 3824 conditio
582 3749 657 3819 huic
679 3745 789 3844 figure
812 3744 1016 3838 necessaria,
1042 3772 1115 3846 qutt
1135 3746 1157 3820 fi
1183 3746 1259 3823 desit
1282 3807 1293 3839 ,
1325 3748 1446 3851 ubique
1477 3783 1535 3854 per
1682 3817 1685 3822 .

171 3854 286 3922 omnia
322 3850 434 3921 circuli
469 3848 647 3944 generantis
677 3846 796 3943 puniit
820 3869 890 3914 non
924 3844 1008 3916 aliud
1040 3849 1142 3943 qualrn
1177 3847 1341 3920 dimidiata
1369 3852 1534 3927 revolutio

168 3940 393 4031 formabitur,
416 3947 506 4042 quod
533 3968 607 4014 cum
627 3938 767 4012 cochleae
791 3963 846 4011 aut
870 3939 992 4012 limacis
1021 3948 1155 4014 nomine
1176 3944 1197 4013 ai
1220 3943 1262 4010 D.
1298 3941 1429 4017 Paschal
1458 3949 1535 4023 huie
1663 4016 1666 4024 .

221 4043 395 4111 uraeindito
408 4102 419 4130 ‚
430 4050 468 4114 δι
481 4049 547 4132 ejus
559 4035 636 4114 usu,
658 4042 709 4107 cui
722 4059 788 4114 emt
804 4036 955 4108 destinata
968 4093 980 4122 ,
993 4063 1060 4109 non
1074 4043 1269 4119 conveniret.
1296 4040 1359 4110 Sed
1375 4067 1481 4141 neque
1500 4042 1533 4116 id
1683 4058 1690 4065 '

169 4034 272 4230 {filici
286 4138 406 4236 potest,
424 4145 469 4210 Ι),
483 4140 520 4207 de
535 4130 698 4205 Roberval
713 4132 834 4203 limacis
848 4136 1076 4205 tantummodo
1112 4136 1313 4207 uadraturam
1324 4136 1535 4214 demonstras.

167 4224 205 4302 se
220 4284 229 4313 ,
247 4259 354 4329 neque
365 4235 450 4305 aliud
466 4232 619 4329 quiddam
635 4251 746 4328 praetet
760 4224 988 4298 Concho'idem'
1006 4160 1138 4316 circuli,
1153 4239 1240 4321 cujus
1250 4258 1280 4302 te
1307 4233 1358 4303 ula
1371 4256 1425 4304 aut
1436 4259 1533 4305 men-

167 4326 243 4402 sura
260 4336 367 4401 minor
388 4330 426 4403 stt
443 4332 600 4399 diametro
622 4325 733 4396 circuli
752 4326 955 4429 generantis,
972 4320 1013 4397 ab
1025 4351 1067 4399 eo
1087 4321 1262 4425 spediatum
1276 4258 1365 4399 sitisse
1390 4356 1398 4398 :
1423 4355 1532 4427 quan-

169 4427 350 4523 doquidem
362 4438 429 4520 ejus
447 4423 616 4495 methodus
630 4446 696 4491 non
710 4417 813 4490 solum
827 4418 867 4488 ad
888 4443 985 4491 omne
1004 4447 1103 4519 genus
1113 4423 1456 4524 conchoi'discirculi,
1477 4420 1531 4500 sed

167 4525 320 4601 etiamad
335 4522 459 4620 reliqua
474 4519 688 4612 omniaaequd
703 4520 862 4613 pertineo·
913 4608 929 4623 ..
976 4559 993 4607 ,·
1154 4564 1156 4570 ·
1290 4559 1294 4567 ·
1469 4517 1513 4530 ”

218 4624 248 4688 ls
278 4622 400 4717 quippe
422 4626 457 4689 in
477 4615 637 4685 Tradlatu
658 4619 709 4682 De
737 4605 987 4699 Indivissbmbns
1010 4665 1022 4695 ,
1046 4616 1102 4709 qui
1123 4619 1158 4684 in
1178 4609 1290 4685 iisdem
1312 4616 1531 4692 Colledlioni«

163 4720 231 4821 hus
253 4716 316 4795 fnit
341 4716 508 4816 evulgatus
522 4736 557 4812 p.
573 4711 629 4802 198
647 4706 838 4783 methodum
855 4705 953 4822 tradit
962 4762 974 4796 ,
999 4730 1065 4803 qua
1088 4706 1189 4810 spatia
1205 4715 1361 4879 plmhqipm·
1376 4712 1535 4821 conchoi3

157 4824 161 4834 ⁴
258 4819 262 4823 '
304 4815 308 4822 '
517 4813 521 4822 '
1110 4832 1126 4841 ·’
1340 4817 1373 4909 uj
