3646 5430
382 376 733 455 'ACADEMIAE
780 382 1097 458 HISTORIA.
1116 383 1242 458 Ltus·
1325 459 1328 463 ,
1482 405 1542 479 5¹5

172 476 292 554 &aete
302 474 530 576 scalperentur.
560 481 643 571 Qrae
659 501 766 550 tamen
782 480 851 576 poll
868 487 935 571 ejus
948 501 1074 550 aetatem
1088 479 1234 576 prodiere
1251 470 1542 570 &bulcinminutis
1557 479 1677 573 Astra.

175 599 260 662 cum
275 572 387 646 Snellii
402 571 675 646 observationibus
693 598 760 643 non
776 599 888 645 omnes
898 578 1107 659 conveniunt.
1292 576 1296 582 ’
1557 600 1639 655 nrm,

174 700 179 711 ¹
236 674 289 745 ΙΙ.
315 671 507 744 Prodierunt
530 691 631 765 nuper
661 668 899 740 Amlietodami
921 693 1013 740 novae
1032 669 1166 742 Nicolai
1184 666 1342 743 tristeberi
1366 669 1482 744 tabula
1509 678 1544 746 in

174 769 344 866 gradus&
357 770 479 835 minuta
491 762 613 846 divisa,
631 788 705 834 cum
723 767 756 832 in
770 763 825 833 lon
849 765 990 849 itudine,
1010 788 1080 834 tum
1091 767 1124 834 in
1137 763 1330 852 latitudine,
1355 791 1427 864 quae
1451 770 1544 842 valde
1641 843 1644 849 ,

177 886 340 933 accuratae
352 859 534 932 habentur:
557 882 601 926 ee
621 883 728 931 tamen
751 790 898 948 Lugduni
922 865 1117 931 Batavorum
1130 868 1164 934 dc
1185 859 1328 932 Alcmari
1345 863 1564 955 latitudines,

178 953 300 1028 sexaut
313 954 433 1052 septem
452 959 583 1026 minutis
599 964 733 1026 ma'ores
770 937 908 1035 nehem,
933 964 1036 1052 quam
1052 954 1073 1025 *a
1091 953 1342 1029 Snelliosuetint
1361 956 1546 1048 observata,

176 1059 220 1125 de
232 1057 314 1123 inter
332 1073 502 1146 utramque
515 1052 597 1121 hanc
612 986 724 1120 urbem
747 982 951 1120 latitudinum
968 1047 1147 1121 differentia
1168 1056 1275 1122 minor
1299 1055 1345 1124 est
1360 1049 1461 1152 sesqui
1482 1065 1546 1131 mi·

179 1169 291 1233 nuto,
306 1149 393 1243 quod
407 1149 441 1215 in
453 1147 585 1240 dimidii
601 1167 690 1243 parte
706 1150 798 1217 unius
810 1147 923 1241 gradus
940 1149 1073 1216 minime
1089 1143 1299 1245 spernendum
1313 1150 1457 1241 videtur,
1468 1179 1543 1226 curn

179 1264 274 1315 terta
292 1241 438 1314 mensura
459 1248 566 1314 omnis
586 1242 661 1311 huic
684 1239 898 1311 fundamento
922 1245 1096 1316 innitatur,
1123 1247 1203 1336 Quo
1229 1244 1361 1335 quidem
1388 1251 1489 1319 modo
1504 1252 1545 1329 ad

176 1361 255 1410 eam
293 1362 339 1409 uae
353 1339 395 1408 ab
417 1340 591 1409 Academi&
614 1343 743 1408 inventa
767 1338 810 1405 est
830 1341 962 1434 propius
984 1338 1148 1412 accedunt.
1183 1335 1316 1411 Tabulae
1333 1341 1484 1437 Jansonii
1508 1353 1545 1419 dt

181 1365 312 1507 Hondii
334 1435 482 1533 Lugduni
501 1440 693 1508 batavorum
708 1431 909 1503 latitudinem
924 1429 1024 1529 paulo
1038 1435 1199 1504 minorem
1213 1431 1316 1530 quim
1334 1436 1545 1529 Vistcherus,

178 1529 352 1627 aliquanto
371 1540 527 1622 majorem
542 1531 645 1627 quim
669 1528 804 1605 Snellius
817 1523 991 1617 exhibent,
1012 1534 1046 1597 δε
1064 1527 1209 1601 Alcmari
1235 1533 1420 1620 minorem,
1441 1535 1546 1636 quim

181 1625 344 1711 Suellius,
363 1624 604 1700 &Vistchcrus.
1086 1650 1089 1656 ⁴
1278 1687 1282 1698 .

228 1724 310 1793 111.
344 1724 456 1817 ltaque
468 1746 573 1818 operae
590 1726 728 1817 pretium
746 1720 887 1792 sadlurus
907 1719 1096 1792 existimavit
1112 1725 1159 1796 D.
1170 1718 1332 1813 Callanus,
1347 1722 1547 1827 liutriusque

176 1817 281 1910 hujus
298 1815 383 1888 urhis
398 1818 597 1887 latitudinem
611 1816 814 1913 exploraret,
829 1839 864 1887 ut
887 1817 1023 1909 liqueret
1045 1842 1116 1912 quae
1131 1815 1206 1889 esset
1226 1824 1309 1889 ratio
1326 1825 1418 1892 unius
1431 1827 1549 1922 gradus

185 1910 451 1983 circumferentiae
468 1936 555 1982 terrae
574 1917 608 1982 in
628 1913 758 1983 satane
776 1916 925 1997 inventi,
944 1911 982 1979 ad
996 1935 1095 1982 unum
1109 1914 1286 2013 gradumin
1302 1916 1409 1987 Gallid
1426 1923 1547 1992 ditnen.

180 2002 268 2083 sum.
299 2009 524 2105 Quamobrem
542 2033 583 2078 eo
603 2002 736 2078 confilio
749 2008 940 2105 Lugdunum
956 2010 1168 2088 batavorum,
1186 2017 1221 2083 dt
1237 2008 1424 2085 hiemarum
1439 2014 1546 2112 profe-

179 2104 255 2174 dlus
268 2104 334 2192 est,
355 2126 390 2174 ut
415 2104 482 2200 poli
508 2104 711 2175 altitudinem
728 2111 761 2176 in
778 2101 915 2199 utrique
933 2101 1012 2172 urbe
1031 2103 1223 2200 exploraret.
1257 2112 1302 2177 Ex
1317 2107 1409 2179 stella·
1431 2111 1550 2208 polaris

180 2198 380 2289 altitudine,
406 2199 518 2271 habita
537 2199 765 2272 rebellionum
786 2205 908 2271 ratione
932 2202 1054 2269 invenit
1081 2199 1281 2272 altitudinem
1305 2201 1373 2300 poli
1399 2208 1550 2303 Lugduni

183 2298 383 2366 Batavorum
402 2324 452 2386 52,
463 2322 511 2392 gr.
528 2328 561 2387 9,
580 2323 634 2382 45,
649 2298 792 2368 Alcmati
808 2320 913 2389 52,gr.
925 2297 1029 2384 382303
1040 2292 1218 2366 diffluentia
1228 2301 1335 2396 itaque
1344 2298 1550 2379 latitudinum

180 2394 295 2462 minor
306 2396 436 2464 inventa
452 2392 496 2462 est
512 2420 523 2462 r
537 2399 614 2466 min.
631 2421 685 2480 20,
701 2392 738 2461 eh
751 2414 821 2487 quae
835 2389 856 2457 ὲ
870 2387 991 2459 Snellio
1005 2387 1066 2458 suit
1084 2386 1261 2463 observata.

233 2489 302 2562 lv.
347 2491 412 2559 Die
447 2513 458 2557 ι
494 2487 652 2559 Februarii
682 2492 728 2562 D.
747 2491 785 2556 de
805 2484 835 2554 la
868 2488 949 2553 Hire
967 2482 1149 2578 generalem
1175 2485 1365 2558 methodum
1383 2490 1550 2588 proposuit

171 2582 387 2653 aeonstruendi
401 2582 571 2678 horologia
589 2580 699 2655 solaria
712 2590 744 2654 in
761 2603 954 2679 quacunque
968 2574 1135 2675 superficie
1153 2635 1163 2665 ,
1194 2580 1272 2650 dato
1297 2590 1413 2677 quovis
1428 2586 1552 2660 umbra

184 2678 324 2774 pundo,
338 2680 407 2776 poli
419 2679 596 2765 altitudine,
614 2687 645 2750 δι
661 2677 734 2753 solis
748 2676 961 2758 declinatione
974 2670 1111 2747 :vestim
1128 2673 1211 2744 hanc
1225 2675 1415 2751 methodum
1429 2682 1552 2784 publici

175 2777 264 2871 juris
279 2772 356 2844 sccrt
374 2779 407 2844 in
422 2773 577 2872 opusculo
593 2777 630 2844 de
645 2770 851 2847 Gnomonici
869 2770 932 2839 hoc
952 2767 1020 2868 ipso
1036 2792 1122 2839 anno
1138 2774 1238 2844 edito.

234 2874 301 2941 Die
327 2896 370 2939 ao
388 2869 587 2943 Novembris
607 2875 650 2945 D.
674 2869 822 2944 Caffinus
848 2864 1001 2961 scriptum
1025 2871 1070 2938 D.
1091 2865 1130 2934 de
1155 2865 1351 2938 Fontenelles
1369 2872 1495 2943 tradidit
1515 2878 1552 2947 in

180 2965 271 3038 Aua
284 2962 591 3061 referendum,quod
607 2991 682 3036 anre
699 2966 824 3060 aliquot
843 2959 962 3031 menses
982 2958 1148 3058 legeratde
1172 2961 1344 3033 intervallis
1362 2961 1567 3062 tempotum'

179 3085 258 3156 quat
278 3070 361 3132 inter
373 3060 503 3156 eclipses
521 3067 615 3160 primi
631 3062 771 3132 satellitis
783 3062 865 3151 jovis
881 3061 1067 3178 inperjacenr
1086 3110 1097 3141 ,
1124 3079 1226 3150 taque
1251 3061 1548 3172 cumnteuolutione

167 3152 863 3350 ⁴lllllilllr?uslaisidai,
878 3151 1219 3344 {insilistis}
1240 3149 1545 3336 hilifflil}

182 3345 420 3421 Astronomicae
438 3347 649 3445 hypotheses,
674 3374 729 3444 per
752 3370 831 3442 quas
854 3346 1053 3443 planetarum
1069 3366 1175 3414 motus
1188 3345 1357 3437 inequales
1374 3351 1542 3422 inveniun.

181 3463 239 3513 tur
258 3445 365 3515 :adeo
384 3465 420 3514 ut
439 3444 638 3513 calculorum
654 3442 797 3511 molestia
810 3464 866 3508 eos
885 3441 1024 3522 levaret,
1048 3448 1080 3510 δι
1095 3436 1207 3506 sallidii
1223 3437 1331 3532 plenas
1344 3435 1399 3538 sup
1423 3451 1547 3515 utatio.

183 3562 243 3609 nes
254 3537 451 3636 temporibus
464 3541 657 3608 inveniendis
670 3542 836 3607 eximeret.
859 3537 894 3601 ld
918 3535 1049 3627 quidem
1073 3536 1177 3600 oneris
1198 3535 1230 3600 in
1255 3530 1285 3599 se
1302 3468 1469 3608 transigere
1483 3563 1546 3609 vo.

181 3635 269 3708 luite
297 3635 386 3799 quod
410 3638 523 3732 utique
543 3631 704 3733 perfecit,
728 3636 846 3733 cuique
869 3627 1063 3701 revolutioni
1076 3623 1253 3710 ¹satellitum
1269 3621 1358 3701 suam
1377 3628 1548 3711 tribuendo

221 3755 248 3800 at
272 3755 312 3800 ua
326 3752 451 3804 itatem.

176 3753 220 3809 m
235 3756 316 3899 lioc
332 3850 410 3896 vero
424 3832 524 3923 princi
549 3833 569 3898 ii
586 3827 663 3899 loco
678 3832 791 3927 ponit,
833 3826 897 3896 uod
913 3819 1075 3896 intellectu
1092 3820 1186 3893 facile
1208 3821 1253 3892 est
1267 3879 1277 3910 ,
1293 3845 1479 3925 temporum
1495 3833 1546 3901 in·-

164 3921 322 4003 trervalla
336 3926 419 3992 inter
432 3856 562 4021 eclipses
576 3923 728 4022 cujusque
743 3852 881 3994 satellitis
902 3921 1048 3991 breviora
1065 3914 1126 3989 elle
1144 3976 1156 4008 ,
1178 3942 1252 3987 tum
1260 3921 1388 4019 Jupiter
1401 3926 1439 3992 ad
1449 3923 1545 3997 suurn

186 4016 364 4120 Aphelium
378 4026 543 4115 pervenit,
560 4017 611 4089 ubi
627 4044 733 4090 motus
747 4021 828 4112 jovis
840 4019 960 4087 tardior
975 4015 1044 4101 est,
1065 4039 1163 4109 quarn
1184 4010 1240 4082 uhi
1254 4020 1289 4086 in
1304 4016 1459 4114 perillelio
1474 4047 1545 4092 ver·

165 4114 269 4195 ¹satur
282 4137 322 4184 ac
335 4134 443 4183 motus
468 4115 552 4186 illius
569 4116 613 4185 est
634 4116 777 4185 velocior
797 4145 806 4201 3
831 4115 952 4181 variare
968 4108 1056 4179 illam
1077 4107 1324 4206 inequalitatem
1351 4115 1546 4191 intervallo.

181 4238 261 4295 eum
274 4231 370 4308 penes
388 4207 526 4281 diversos
543 4207 586 4282 ab
603 4209 764 4308 Aphelio,
780 4233 841 4278 aux
853 4204 1010 4304 perihclio
1029 4205 1203 4278 distantias,
1241 4207 1407 4303 Siquidem
1432 4210 1549 4285 umbra

180 4333 287 4410 quarn
302 4307 431 4401 Jupiter
444 4311 574 4402 projicit
583 4311 617 4378 in
630 4305 768 4379 orbitam
782 4299 920 4376 satellitis
934 4360 943 4387 ,
968 4306 1001 4373 in
1022 4301 1242 4373 illuminetur
1260 4302 1365 4375 orbita
1379 4305 1416 4375 ed
1426 4304 1547 4378 veloci·

182 4428 251 4482 tate
266 4461 277 4491 ,
294 4425 358 4496 que
372 4402 454 4488 jovis
468 4406 501 4471 in
513 4401 570 4473 suo
587 4408 769 4477 exoenrtico
783 4458 793 4486 ,
809 4409 842 4472 dt
859 4425 896 4469 ex
912 4395 977 4470 sole
988 4396 1044 4469 tili
1058 4397 1221 4469 velocitati
1235 4421 1319 4469 certa
1337 4404 1549 4498 proportione

185 4495 367 4596 respondet.
401 4497 546 4592 Qodiu
560 4498 670 4570 lineari
687 4497 789 4595 figuti
804 4495 940 4565 dilucide
954 4493 1170 4578 demonstrat,
1197 4494 1293 4565 duria
1319 4518 1375 4589 per
1400 4517 1548 4566 centrum

182 4592 292 4669 solisS
308 4598 365 4679 ,dc
377 4612 523 4661 centrum
536 4597 706 4664 excentrici
723 4597 804 4678 jovis
818 4589 870 4676 C,
893 4592 978 4660 tedia
994 4593 1053 4661 PS
1063 4590 1135 4658 Ch
1156 4641 1166 4671 ,
1194 4613 1266 4684 quae
1287 4592 1352 4658 axis
1375 4584 1482 4660 futura
1498 4593 1549 4678 cst

175 4693 229 4792 Ju
255 4690 312 4758 'ter
333 4682 577 4784 Apheliusinh
599 4699 621 4777 ',
677 4685 823 4757 etihelius
847 4691 882 4756 in
906 4690 953 4771 P,
973 4691 1007 4753 in
1025 4681 1165 4779 Aphelio
1181 4684 1266 4756 orbis
1281 4680 1420 4756 satellitis
1445 4688 1552 4783 BD,

159 4782 172 4799 ”
228 4711 391 4891 {tiburtin
417 4781 546 4884 Jamin
562 4781 630 4861 aiio
646 4713 845 4889 litujupiter
865 4784 899 4853 iu
914 4788 930 4853 1·
956 4780 1145 4852 constitutur
1167 4783 1388 4951 concipiat-ur,
1409 4777 1554 4882 ejusdtto

1347 4895 1388 4950 tt
