3646 5430
252 374 611 457 nodutim·
666 384 1008 468 HISTORIA.
1056 394 1206 473 Lini.
1403 428 1415 475 ι

45 472 153 554 s'ed'rn
166 477 360 578 explicanda
379 480 473 571 hujus
488 478 641 581 impulsus
660 492 784 557 rarione
806 511 873 556 non
895 511 959 561 una
974 513 1088 562 eorum
1112 492 1174 567 suit
1196 493 1360 573 sententia.
1380 404 1426 576 l)
1443 504 1496 571 De

50 585 128 650 lluot
145 583 182 649 in
196 574 335 649 Cartelii
346 576 753 676 opinioneacquitscebat‚
773 587 817 653 D.
832 586 970 679 Hugens
980 585 1145 658 videbatur
1155 592 1193 660 ad
1207 595 1341 665 eandem
1356 594 1422 666 sen.
1435 598 1562 694 geaviq

46 682 188 747 turriam·
203 674 360 744 accedere
377 730 387 760 ,
405 671 449 746 sic
470 697 579 746 tamen
593 697 629 746 ut
648 702 719 772 φιτ
739 684 773 748 ιιι
790 677 974 753 Carteliaua
991 682 1159 782 hypothes
1183 686 1420 783 defiderantur,
1438 712 1527 771 tate..

48 772 208 868 expleret,
224 780 260 843 dt
275 769 378 870 longd-
390 768 643 868 probabiliorem
668 774 760 864 hujus
780 781 826 848 rei
846 775 1093 875 explicationem
1115 778 1266 871 afferret,
1283 811 1422 885 eamque

48 894 80 939 er
122 872 273 938 timentis
297 867 479 939 illustraret.
501 866 613 941 Paucis
626 868 744 958 abhinc
757 876 848 945 annis
867 877 945 967 quid
957 899 995 945 ea
1007 878 1045 945 de
1059 901 1093 945 re
1107 874 1276 971 censeret,
1302 881 1420 981 scripto

50 991 79 1064 pt
110 963 180 1035 lico
194 967 331 1062 aperuit.
366 961 475 1035 Nobis
492 969 574 1036 adeo
601 960 673 1037 satis
695 967 791 1038 suerit
817 993 889 1065 qua·
914 975 947 1040 in
975 972 1149 1043 Academia
1167 995 1237 1043 tum
1264 987 1421 1076 temporis

51 1061 144 1159 paulo
158 1057 294 1131 uberius
306 1058 347 1131 ab
360 1083 402 1129 eo
414 1055 487 1130 sunt
499 1061 661 1160 exposita,
677 1068 710 1135 in
724 1061 883 1136 summam
898 1065 1085 1138 contrahere
1103 1095 1111 1138 ε
1129 1068 1252 1140 tametsi
1272 1078 1417 1174 Hugtnii

51 1155 231 1228 dissertatio
243 1162 360 1254 integra
379 1151 594 1230 Miscellaneis
608 1183 709 1258 nuper
721 1163 813 1232 editis
825 1159 940 1234 inserta
951 1164 1006 1235 est.

70 1261 168 1339 ,VL
203 1258 277 1349 Qu
293 1257 459 1351 gravitatis
480 1253 611 1325 causam
624 1256 829 1356 probabilem
848 1260 1035 1358 indigemus
1052 1319 1064 1351 ,
1088 1260 1166 1333 illud
1180 1262 1273 1335 nobis
1291 1269 1421 1338 intuma

52 1352 137 1422 dum
153 1375 215 1447 qua
234 1355 358 1420 tatione
378 1347 448 1420 fieri
461 1349 556 1451 poffit
573 1374 609 1423 ut
621 1378 677 1424 cor
702 1379 760 1426 ora
773 1378 812 1424 ex
830 1354 988 1428 consmili
1009 1364 1141 1429 materia
1156 1358 1359 1459 composita,
1385 1367 1419 1433 in

55 1445 176 1539 quibus
189 1444 310 1517 nullam
327 1445 538 1543 qualitatem,
562 1447 615 1521 vel
635 1381 858 1546 nescioquam
876 1451 920 1521 ad
936 1477 1085 1526 mutuum
1108 1455 1264 1526 accessum
1280 1484 1338 1556 pro
1362 1483 1421 1529 cn·

57 1541 199 1632 sionem,
221 1541 276 1613 sed
292 1542 520 1639 magnitudinis
535 1549 787 1639 tantummodo,
803 1543 912 1644 figura
927 1605 937 1636 ,
959 1552 1075 1621 mortis
1095 1550 1307 1623 diversitatem
1330 1486 1423 1650 {bec-

59 1660 191 1730 tamus,
214 1632 325 1709 uersus
348 1640 432 1709 idern
451 1663 599 1714 centrum
610 1643 767 1730 tendant,
792 1651 826 1717 dt
843 1640 1071 1745 circumposui
1089 1647 1163 1718 huic
1187 1647 1420 1739 adhaerescunt,

57 1762 150 1836 arque
168 1736 257 1836 agre
271 1734 592 1810 hincdirnoveantut.
615 1741 685 1906 Q
704 1741 834 1836 quidem
850 1732 1064 1813 effictusnon
1081 1768 1119 1812 ex
1139 1749 1278 1842 partium
1299 1752 1421 1845 erigni-

55 1856 115 1906 tute
128 1889 141 1922 ,
153 1857 215 1906 aut
227 1827 328 1933 figura
338 1828 631 2000 corpusculorum,
666 1835 755 1906 eder
768 1840 884 1904 motui
909 1831 944 1905 so
985 1828 1184 1911 toficistitur.
1209 1838 1291 1908 Illud
1310 1844 1421 1937 iraque

56 1931 284 2027 inquirendum
307 1986 318 2016 ,
340 1932 444 2026 queis
458 1927 495 2002 fir
510 1928 563 2005 liic
577 1955 711 2022 motus,
731 1931 814 2004 unde
861 1936 920 2002 ‘us
948 1861 1003 2004 ille
1022 1938 1056 2005 in
1082 1936 1246 2031 quoddam
1273 1958 1420 2007 centrum

57 2050 232 2101 commune
246 2051 389 2100 ortatur.-

103 2131 185 2196 vll.
216 2112 347 2222 Duplex
359 2145 487 2196 tanmm
499 2123 612 2198 monls
625 2149 727 2227 genus
739 2133 772 2197 in
793 2152 899 2202 rerum
914 2152 1028 2203 natura
1047 2128 1266 2228 conspicitur,
1283 2132 1363 2201 redii
1386 2141 1421 2207 de

57 2224 232 2296 circulatis.
254 2223 371 2294 Motus
395 2222 474 2292 redii
491 2218 575 2319 leges
587 2225 620 2292 in
634 2247 808 2322 corporum
824 2225 989 2296 collifione
1002 2252 1068 2299 non
1085 2222 1155 2295 suut
1174 2222 1306 2317 obscurq
1323 2284 1333 2313 ,
1356 2253 1429 2324 qua·

59 2327 182 2394 rarione
205 2322 509 2393 iscommunicetur
531 2376 542 2406 ,
565 2316 637 2389 satis
658 2341 773 2392 notum
790 2322 834 2392 est
852 2377 864 2410 ,
883 2344 926 2391 ut
948 2319 1024 2393 hinc
1048 2320 1197 2391 concludi
1222 2321 1317 2418 pollit
1341 2323 1430 2394 nihil'

58 2423 143 2490 ineo
163 2438 260 2487 motu
274 2472 285 2503 ,
298 2420 398 2487 autin
410 2417 505 2488 variis
522 2425 590 2506 epus
610 2413 835 2488 reflexionibus
849 2440 1038 2503 occurrere,
1055 2415 1144 2512 quod
1166 2422 1299 2506 mareriq
1319 2442 1434 2515 partes·-

59 2517 97 2586 ad
110 2537 217 2585 unnm
233 2512 397 2607 quoddam
413 2535 559 2582 centrum
576 2514 785 2585 determinet:
800 2517 844 2583 ita
864 2533 900 2581 ut
915 2511 956 2580 ad
972 2512 1082 2583 motrls
1098 2509 1259 2579 circularis
1278 2518 1424 2610 proprie.

59 2633 144 2684 tates
155 2607 254 2679 nobis
265 2613 399 2679 omnino
409 2607 444 2680 fit
457 2604 712 2705 confugiendum
728 2662 738 2692 ‚
760 2617 793 2680 dc
804 2606 1011 2703 quarendum
1026 2630 1106 2678 num
1121 2604 1207 2675 sorte
1226 2610 1259 2676 in
1273 2613 1311 2678 iis
1325 2611 1425 2679 moti·

59 2708 124 2779 bus
138 2704 177 2775 sit
188 2708 238 2774 vis
249 2704 354 2801 aliqua
368 2729 440 2802 φιτ
456 2701 533 2774 huie
547 2709 592 2774 rei
602 2703 795 2802 explicandae
814 2702 960 2778 sufficiat.

115 2806 203 2875 vm.
231 2798 388 2874 Cartefius
400 2825 576 2898 corporum
589 2824 660 2899 φιτ
679 2805 714 2870 in
732 2798 845 2872 orbem
864 2821 1038 2875 moventur
1056 2800 1159 2873 nisum
1180 2858 1191 2888 ,
1213 2826 1281 2901 quo
1300 2802 1321 2871 d
1345 2826 1424 2872 cen·

60 2922 111 2974 tro
131 2896 279 2971 recedere
292 2895 472 2969 moliuntur
489 2952 500 2983 ,
517 2922 557 2966 ex
571 2902 731 2968 rotatione
743 2893 850 2966 fundat
868 2953 878 2984 ,
897 2904 931 2969 δι
953 2896 1038 2971 funis
1056 2896 1198 2971 tensione
1210 2899 1274 2967 hoc
1289 2908 1436 2992 majore„

62 2998 128 3098 qud
141 2992 280 3068 celerior
295 2994 342 3062 est
355 2990 580 3079 rotatio,satis
593 2992 732 3063 dilucide*
746 2992 893 3066 ostendit.
926 2996 1005 3065 Hoc
1026 2994 1130 3096 ipsum
1157 3002 1202 3069 D.
1228 2999 1364 3092 Hugens
1391 3001 1427 3065 in

63 3082 167 3168 mensa
181 3093 322 3183 rotunde
334 3085 442 3189 figurae
454 3088 550 3161 celeri
563 3093 709 3159 morione
726 3090 922 3160 circumacta
941 3113 1017 3164 ante
1043 3092 1169 3190 aliquot
1189 3087 1309 3164 menses
1322 3091 1434 3161 osten--

63 3197 146 3265 derat
173 3244 184 3276 ,
209 3181 305 3258 fimul
330 3195 365 3260 dt
384 3182 776 3278 nonnullaTheoremata
795 3183 870 3256 hinc
890 3187 1081 3263 deduxerat.-

100 3292 177 3360 rx,
203 3287 395 3384 Hocigitur
408 3278 513 3382 pofito
522 3278 734 3352 fundamento
744 3279 947 3379 probandum
969 3284 1017 3356 illi
1037 3284 1099 3357 fuit
1123 3284 1226 3357 nisum
1239 3281 1343 3369 illum,
1359 3308 1439 3381 quu¹

64 3387 213 3460 dcentro
227 3405 367 3480 corpora
381 3380 576 3452 circumacta
592 3379 736 3449 recedere
748 3400 930 3477 conantur,
950 3388 1125 3476 genuinam
1139 3382 1200 3455 elle
1221 3374 1347 3452 causam
1373 3403 1431 3450 cur

64 3484 120 3556 alia
144 3486 181 3552 in
204 3478 294 3549 idern
312 3501 458 3549 centrum
482 3481 636 3547 nitantur.
658 3471 806 3547 Primtlm
826 3478 915 3544 enim
928 3475 981 3560 ,si
1006 3503 1121 3575 corpus
1139 3475 1273 3548 fluidum
1300 3479 1333 3545 in
1358 3473 1443 3541 vase'

66 3572 276 3660 conclusum,
291 3575 376 3644 unde
390 3577 473 3645 exire
488 3595 553 3645 non
570 3567 686 3671 possit,
712 3571 806 3637 circa-
827 3568 906 3640 vasis
926 3562 1072 3642 centrum
1096 3596 1266 3642 moveatur
1288 3623 1298 3654 ,
1319 3592 1433 3640 omnes

71 3668 318 3765 nuteriessuidae
329 3692 436 3769 partes
455 3670 477 3740 ὲ
493 3692 604 3741 centro
621 3668 767 3738 recedere
788 3665 988 3763 moliuntur,
1011 3664 1061 3736 sed
1082 3672 1173 3737 irrito
1187 3686 1304 3737 conatu
1324 3691 1333 3734 τ
1354 3683 1445 3735 ιιειιιιι

73 3764 373 3867 qozrccedentibus
388 3761 609 3851 succederent,
624 3789 691 3835 non
705 3761 815 3835 mintls
826 3767 986 3834 removeri
999 3761 1147 3836 d‘centro
1167 3761 1277 3834 mortis
1297 3755 1444 3833 afficias

73 3891 148 3938 rent
160 3891 170 3933 ·.
184 3864 267 3936 unde
285 3866 319 3934 in
340 3859 397 3934 suo
410 3886 545 3962 quaque
560 3860 636 3933 loco
658 3884 788 3931 manere
805 3881 977 3959 coguntur.

126 3966 173 4032 X.
197 3955 271 4032 Arsi
293 3958 369 4030 huic
394 3965 532 4032 materiae
553 3959 708 4058 permiste
731 3952 790 4029 sint
813 3980 917 4056 partes
931 3976 1002 4052 φιτ
1020 3958 1158 4030 aliarum
1175 3976 1267 4030 motu
1286 3957 1434 4030 circulari

70 4084 144 4132 non
160 4054 320 4143 fetantur,
336 4081 393 4129 uut
404 4059 522 4128 tardius
538 4078 750 4142 moveantur,
762 4054 992 4126 hasomncsad
1004 4078 1150 4126 centrum
1166 4055 1302 4152 propelli
1312 4050 1446 4125 necesse·

68 4159 113 4228 est
135 4182 146 4228 r
177 4175 255 4222 cum
269 4160 352 4226 enim
367 4175 422 4224 aut
437 4153 550 4242 nullo,
572 4175 627 4223 aut
647 4156 765 4221 minori
781 4173 900 4221 conatu
916 4152 1143 4244 quamvicinae
1171 4155 1323 4222 {acentro
1344 4171 1442 4218 rece·-

69 4254 169 4341 dam,
193 4247 246 4318 his
267 4253 379 4322 cedunt
393 4251 468 4323 loco
487 4261 521 4323 δι
542 4252 581 4319 ad
596 4271 741 4319 centrum
756 4245 928 4344 pelluntur.
958 4253 1059 4318 sicin
1082 4247 1182 4344 figura
1196 4243 1339 4346 opposta
1356 4268 1433 4314 cor-

71 4376 128 4446 pus
146 4355 195 4435 E,
213 4349 303 4442 quod
314 4352 448 4418 aliarum
461 4353 599 4448 partium
609 4345 756 4418 circulari
770 4346 875 4416 motui
888 4339 997 4416 mimis
1011 4341 1216 4441 obsequitur,
1233 4344 1274 4414 ad
1287 4362 1446 4413 centrum·-

75 4449 119 4535 D,
136 4447 179 4518 ab
191 4444 262 4516 aliis
280 4442 498 4545 propellente,

113 4550 175 4618 XI.
202 4544 240 4614 ld
255 4541 514 4613 verb-luculento
535 4537 709 4638 exemplo,
733 4540 767 4608 in
794 4561 861 4636 quo
887 4537 982 4636 ipsius
1002 4542 1166 4636 gravitatis
1183 4535 1321 4636 er'prella
1345 4558 1440 4628 qua:-v

72 4641 148 4714 dam
163 4637 255 4710 uelut
264 4642 376 4737 imago
391 4663 544 4737 apparet,
559 4642 696 4708 omnino
708 4635 855 4708 illustrati
875 4637 988 4734 potest.
1014 4639 1105 4707 Nam
1130 4632 1150 4703 fi
1169 4658 1287 4724 aquam
1307 4636 1340 4699 in
1364 4626 1437 4700 vase

72 4747 162 4832 eujus
178 4735 296 4807 fundus
310 4732 348 4806 fit
364 4733 475 4829 planus
485 4743 517 4806 δι
527 4729 623 4804 tersus
638 4737 847 4830 circumagat,
858 4731 949 4803 simul
964 4742 997 4806 δι
1013 4729 1178 4828 pulverem
1189 4729 1357 4820 aliquanto
1367 4749 1438 4820 gra*

75 4839 202 4925 piorem
220 4853 288 4923 ‚ut
299 4829 441 4907 buxeum
456 4836 631 4929 iri-aquarn
645 4832 767 4925 injiciat
784 4882 808 4919 ,.
820 4850 891 4901 tum
903 4828 1042 4927 pulveris
1058 4823 1194 4922 granula
1210 4827 1245 4894 in
1258 4846 1343 4993 aqlqa
1362 4824 1448 4917 fluia-
