3646 5430
248 389 580 468 ACADEMIAE
649 384 1146 471 ursiourmnu.
1346 419 1426 485 5ot·

41 503 183 588 «Μαι
201 543 212 577 ,
233 491 343 561 dentes
364 490 405 561 ab
419 488 493 590 ipsis
505 486 638 560 alveolis
650 487 727 583 peili
741 543 753 578 ,
765 485 971 561 orm-borum
981 492 1101 562 cirins
1111 485 1265 590 paulatim
1276 477 1405 567 contra‘-
1421 493 1543 563 Asa:

45 585 137 659 bitur
153 585 425 686 ,deprofunditas
438 611 551 658 eorum
563 588 732 658 minuitur.
992 579 994 594 ¹
1410 605 1497 662 tom.

96 683 188 754 Cum
210 687 308 754 esiam
327 680 436 754 dentes
455 681 613 778 paulatim
627 677 874 757 conformentur
894 733 907 766 ‚
931 701 1003 776 qua
1021 682 1106 751 intus
1123 677 1195 756 sunt
1216 683 1405 774 foramina,

44 800 117 856 non
133 778 346 848 occluduntur
363 833 373 862 ,
391 775 448 848 nisi
468 774 614 847 dentibus
629 777 765 846 omnino
775 770 926 845 absolutis
941 801 952 845 e
970 777 1053 846 unde
1066 783 1099 847 dt
1112 801 1225 851 eorum
1241 778 1336 868 finus,
1350 801 1406 851 aut

44 872 172 950 folsulae
188 874 377 971 procedente
391 896 536 970 tempore
550 868 688 966 liguram
705 867 794 941 suam
812 865 1063 968 consequuntur.
1084 869 1196 944 Tuber
1218 875 1297 947 iilud
1319 899 1406 947 exte.

45 978 116 1049 rius
179 971 266 1039 odiu
281 963 346 1037 beli
365 973 505 1067 primum
516 968 843 1051 ertat‚intuscavum
857 987 952 1057 erat3
973 989 1178 1065 corpusvero
1190 972 1303 1058 dentis,
1316 971 1407 1066 quod
1473 1051 1474 1054 Ἴ

46 1067 123 1171 post
167 1062 243 1135 alim
255 1061 414 1134 formatur
426 1063 490 1134 und
511 1085 587 1132 curn
607 1057 674 1130 base
690 1059 792 1132 latum
808 1069 843 1132 dt
857 1059 959 1132 airum
983 1085 1091 1140 ,cum
1112 1060 1150 1130 eal
1175 1063 1276 1136 sinum
1298 1066 1406 1163 possea

10 1138 13 1179 ¹
46 1161 177 1245 efficit,
194 1182 292 1255 quern
309 1156 498 1229 membrana
508 1153 683 1228 albuminis
701 1156 744 1225 ad
767 1152 911 1227 libellam
924 1155 1026 1254 posita
1045 1156 1188 1233 occludit
1211 1164 1245 1231 in
1258 1157 1406 1231 dentibus

10 1232 16 1277 ⁵
45 1253 237 1339 molaribus.
267 1248 366 1327 Olsca
381 1253 498 1326 iamim
508 1247 613 1323 versus
633 1255 793 1346 margines
814 1246 926 1322 senfim
942 1250 1072 1322 dilatata
1088 1275 1205 1327 cauum
1227 1255 1304 1327 illud
1330 1278 1417 1324 orn··

10 1328 20 1375 ¹
47 1350 324 1436 „secundem
336 1350 465 1420 tantem
482 1373 552 1448 pars
568 1351 634 1418 nna
648 1350 794 1419 cavum
809 1369 851 1417 eo
866 1347 1141 1447 magnasunt,
1156 1352 1227 1449 qus
1239 1351 1361 1422 aeros
1375 1352 1411 1420 n

45 1449 202 1527 extremis
215 1443 299 1517 fiunt
317 1469 359 1515 an
383 1445 524 1517 ustiores.

10 1526 15 1636 f
100 1547 194 1618 v11.
220 1470 612 1636 iraqueaibumendenris
629 1533 888 1609 ostunensem
911 1544 1000 1631 iuxta
1012 1538 1171 1612 solidioris
1181 1545 1280 1639 partis
1292 1560 1412 1640 typum

47 1642 211 1724 formari,
225 1640 306 1707 &in
322 1639 440 1747 extima
453 1633 538 1706 illius
553 1625 715 1731 superficie
727 1639 919 1747 erectiorem
931 1637 1034 1710 dentis
1044 1632 1183 1734 ligmam
1197 1633 1292 1708 debet
1303 1640 1411 1736 expri-

48 1727 1415 1929 ‘illisilli‘llllisili‘lsliilllii‘lillfilliisll‘jillz

46 1924 132 2002 offis
143 1927 292 1996 duritiem
304 1916 499 2016 adipiscitur.
526 1926 566 1991 ln
577 1945 614 1991 ea
627 1943 726 2017 porto
742 1923 921 1992 mutatione
933 1919 963 1991 al
992 1932 995 1939 '
1045 1925 1106 1992 inis
1121 1924 1275 1992 minuitur
1287 1922 1413 2009 moles,
1442 1969 1448 1977 ·

47 2025 144 2097 unde
156 2029 194 2094 1&
212 2014 320 2088 dentes
336 2019 420 2086 intus
439 2037 569 2089 manent
582 2018 714 2102 inanes,
729 2011 912 2111 &superest
927 2017 1058 2113 quidem
1071 2014 1260 2088 membrana
1275 2017 1330 2088 iila
1340 2041 1414 2113 quae

48 2117 208 2192 albumen
219 2138 257 2183 ex
270 2136 338 2208 quo
350 2110 459 2183 dentes
476 2109 607 2182 formati
628 2107 723 2199 sunt,
742 2107 955 2185 involvebat:
973 2135 1053 2184 narn
1069 2137 1110 2183 co
1131 2131 1260 2182 tantum
1280 2117 1416 2185 extimas

45 2215 159 2287 dentis
172 2231 276 2311 partes
289 2211 388 2304 tegit,
399 2209 501 2279 donec
515 2230 630 2306 corpus
639 2197 742 2306 ipsum
752 2204 1026 2281 dentisalrcolum
1039 2207 1181 2295 divellat,
1205 2212 1434 2306 &gingiuarn..

54 2306 230 2478 periniiti.
264 2406 312 2473 Ex
335 2397 413 2472 senis
432 2398 578 2471 dentibus
599 2423 740 2511 quorum
751 2397 928 2510 primordia
947 2400 981 2468 in
994 2421 1198 2513 unoquoque
1213 2400 1416 2473 maxillarum

50 2497 125 2579 elie
139 2520 311 2571 cernuntur
329 2501 362 2566 in
390 2494 499 2580 fotu,
526 2496 591 2566 duo
611 2491 734 2566 inerlivi
756 2517 904 2563 omniurn
923 2498 1022 2594 primi
1040 2500 1205 2594 gingruam
1223 2495 1416 2590 perforant,

48 2616 132 2672 turn
146 2594 275 2666 molaris
289 2596 394 2661 canini
416 2595 600 2684 proximus,
620 2615 696 2662 mox
711 2593 842 2659 caninus
856 2585 945 2687 ipse3
967 2611 1065 2687 atque
1081 2613 1122 2661 tx
1144 2587 1267 2660 duobus
1282 2591 1417 2661 molari.

51 2691 120 2765 bris
134 2682 289 2790 posterius
302 2684 334 2758 se
345 2687 475 2785 prodit,
489 2690 546 2783 qui
557 2691 591 2759 in
600 2710 745 2759 extremo
762 2688 826 2756 oris
844 2690 946 2784 magis
959 2691 1094 2777 eminet,
1110 2683 1200 2784 isque
1211 2686 1329 2758 ultimo
1342 2686 1418 2758 loeo

50 2784 232 2860 formatus.

106 2885 173 2952 ‚Sex
184 2879 230 2949 illi
248 2881 355 2951 demes
365 2884 399 2949 in
414 2880 518 2975 pneris
529 2879 699 2968 decidunt,
713 2900 813 2975 atquc
831 2883 865 2953 in
878 2903 992 2952 eorum
1012 2878 1124 2952 iocum
1148 2875 1200 2951 aiii
1224 2876 1420 2975 succedunt,

54 2980 153 3073 iique
170 2974 343 3050 craffiores,
372 2977 444 3044 Cur
456 2996 563 3043 aurern
577 2979 723 3046 excidant
737 3035 746 3063 ,
765 2976 833 3048 haec
847 2979 974 3047 videtur
985 2981 1089 3061 ratio,
1102 2978 1193 3072 qtrr'sd
1210 2978 1354 3049 dentium
1368 3004 1420 3052 ra-

11 3080 31 3101 *
51 3073 147 3144 dices
165 3071 240 3140 durn
257 3071 491 3152 occluduntur,
511 3067 581 3139 vasa
598 3068 663 3236 ipsa
683 3096 754 3166 qua
769 3068 899 3143 succum
913 3071 1140 3142 alimentitium
1153 3069 1341 3160 afferebant,
1395 3100 1422 3145 r-

54 3165 191 3252 secent,
205 3169 287 3238 adeo
296 3190 330 3236 ut
339 3164 451 3236 succus
464 3188 531 3259 quo
545 3170 611 3262 imp
626 3192 717 3250 entur
729 3164 816 3253 vasa,
828 3192 880 3238 eas
893 3168 1062 3262 peruadere
1073 3166 1208 3261 amplius
1223 3193 1288 3238 non
1304 3101 1396 3263 polii
1410 3196 1419 3241 :

57 3282 136 3362 pars
145 3263 230 3333 iilius
244 3261 328 3332 suoci
344 3268 378 3332 in
391 3282 512 3330 meatus
520 3257 593 3332 offis
615 3262 786 3335 niaxiilaris
798 3260 996 3351 effiinditur3
1017 3286 1089 3356 quae
1103 3260 1162 3335 olis
1180 3266 1354 3354 nutriendo
1377 3270 1420 3338 est

57 3359 184 3431 idonea
195 3414 206 3444 ,
217 3362 250 3427 iu
265 3356 382 3429 olieam
402 3376 527 3426 murata
541 3354 743 3428 urbstantiam
756 3361 901 3428 dentium
914 3359 1028 3454 implet
1038 3336 1212 3435 alveolos,
1232 3364 1289 3451 qui
1306 3362 1419 3431 aretati

56 3456 272 3552 primigenios
297 3454 406 3522 dentes
419 3451 606 3546 expellunt,
626 3454 704 3521 dum
722 3477 794 3547 pars
814 3452 912 3522 altera
931 3449 1016 3520 succi
1028 3455 1150 3520 nutritii
1163 3450 1307 3523 dentium
1321 3478 1420 3549 gene.

61 3553 184 3620 rationi
202 3548 447 3618 accommodata
466 3551 582 3643 e‘poris
603 3545 718 3618 offium
742 3545 876 3616 maxillae
898 3543 1014 3639 quibus
1029 3547 1210 3640 excipitur,
1238 3571 1340 3616 novos
1363 3546 1422 3620 fibi

63 3705 65 3709 ,
111 3666 160 3714 rat
178 3642 344 3730 alueolos,
369 3667 451 3737 quos
469 3635 577 3712 succus
587 3642 641 3713 iiie
659 3643 803 3738 aggestus
820 3640 1033 3714 diluturum
1044 3634 1170 3710 densata
1189 3640 1309 3712 faceiiit
1324 3644 1357 3712 in
1376 3644 1424 3714 alr

58 3668 210 3817 ἔξωρα,
234 3764 272 3808 ex
288 3765 357 3833 quo
373 3744 450 3809 novi
472 3739 580 3809 dentes
598 3739 802 3835 gradatimut
824 3740 945 3829 priores
961 3732 1159 3808 formantur.
1191 3742 1327 3807 Interim
1351 3756 1426 3809 eve*-

58 3838 181 3908 nitur
213 3836 401 3929 posteriores
432 3836 540 3904 dentes
573 3844 658 3933 prius
683 3832 901 3911 formentur,
938 3833 1042 3929 qudrn
1079 3831 1198 3902 radices
1224 3835 1425 3930 superiorum

62 3927 202 4002 ottlusae
226 3936 350 4027 penitus
374 3930 493 4000 fuerint
515 3985 527 4015 ‚
553 3929 641 4023 qood
666 3952 704 3997 err
738 3926 840 4001 sioni
864 3926 950 3999 sueti
981 3923 1076 4022 mpii
1107 3933 1299 4026 contingit,
1352 3957 1429 4001 narn

62 4026 216 4096 dentium
237 4050 315 4097 cava
333 4050 466 4098 omnem
486 4046 600 4121 capere
621 4047 688 4092 non
710 4021 858 4120 poliunt,
879 4021 966 4093 unde
987 4026 1022 4095 in
1038 4042 1137 4120 poros
1162 4021 1234 4095 offis
1259 3956 1431 4097 maxiilaris

10 4160 12 4199 ;
64 4116 255 4193 effunditur.

117 4222 156 4286 ln
176 4214 298 4289 senibus
311 4215 422 4287 dentes
433 4239 499 4286 non
517 4234 734 4300 renovantur,
754 4217 844 4309 qudd
861 4215 970 4288 succus
986 4212 1042 4286 ilie
1058 4236 1097 4286 ex
1115 4238 1183 4313 quo
1196 4214 1365 4287 naseuntur
1376 4220 1429 4303 ,in

10 4363 15 4401 :
92 4318 178 4383 ueris
199 4336 327 4383 tanturn
357 4312 525 4400 abundet,
553 4332 650 4406 atque
672 4314 707 4380 in
733 4316 930 4408 provediori
945 4329 1036 4385 aeture
1059 4314 1196 4383 omnino
1216 4311 1428 4389 exhauriatur.

10 4429 31 4499 ,'
65 4336 170 4484 {inde
180 4410 290 4479 dentes
299 4407 433 4478 molares
446 4463 458 4495 ,
473 4404 527 4480 seu
537 4411 668 4509 genuini
686 4411 748 4506 qui
765 4412 799 4483 in
818 4407 990 4504 juvenibus
1011 4408 1185 4507 erumpunt
1203 4414 1306 4495 {non
1321 4404 1429 4478 renas-

10 4530 19 4577 r
66 4527 200 4582 martur.

10 4580 20 4695 ἱ
121 4603 204 4671 l-lree
215 4601 345 4696 quidem
357 4599 395 4669 de
406 4598 602 4671 formatione
614 4602 761 4676 dentium
770 4626 810 4676 tx
826 4611 869 4678 D.
883 4601 1003 4702 Metu}
1017 4601 1131 4676 sibene
1146 4600 1231 4677 illius·
1238 4597 1365 4675 sensum
1378 4605 1430 4671 iu-

10 4746 23 4790 ,
68 4694 202 4778 celleri,
220 4720 268 4766 res
281 4701 367 4768 enim
382 4693 507 4767 estsatis
522 4695 698 4791 implicata.
1126 4704 1128 4707 ’
1185 4738 1189 4747 ·
1416 4726 1421 4734 ·

10 4826 22 4894 ·,
128 4798 176 4872 Ι),
199 4792 241 4865 du
254 4801 383 4895 Verney
393 4793 471 4886 diet
492 4793 607 4866 Martii
623 4791 813 4870 strumarum
827 4795 1133 4898 pharingisinc'atie
1149 4792 1291 4869 exhibuit
1308 4851 1320 4883 ,
1339 4791 1432 4865 snnul
