3646 5430
413 391 758 466 ACAD'EMIAE
795 389 1120 467 HISTORIA.
1161 393 1295 469 lunis
1479 427 1544 501 475
1696 484 1700 489 .

179 483 361 587 propofitio
374 511 445 584 quae
458 486 660 593 simplicitate
672 485 726 559 sul
740 489 835 586 digua
857 510 925 561 erat
942 511 1014 586 quae
1028 494 1062 560 in
1074 489 1248 562 Elemenris
1268 495 1461 567 Geometriae
1478 523 1541 596 po.
1555 495 1663 591 Genu.

180 608 323 658 ueretur.

230 685 245 749 1
260 687 305 754 X.
341 686 406 754 Die
419 707 459 768 27
477 679 596 780 Aprilis
610 681 660 753 D.
671 683 812 749 Sauveur
827 677 960 774 epistold
974 679 1017 749 ad
1031 679 1268 755 Sereniffimum
1278 689 1375 782 Regii
1382 684 1542 783 sanguinis

181 778 290 849 Ptinci
315 801 368 847 em
383 778 563 850 Condaeum
578 773 694 873 scripti
714 797 900 874 excerptum
924 773 1002 870 legit
1021 780 1054 845 in
1080 776 1246 874 congressu
1274 785 1476 870 Academia,
1502 785 1542 858 dc

177 803 322 943 ineundi)
338 873 465 945 calculo
478 869 639 964 eujusdam
661 872 726 942 ludi
751 871 969 961 quinquennii
987 872 1090 956 diui,
1108 871 1163 941 ubi
1174 896 1212 944 er
1227 876 1391 948 occafione
1404 879 1540 952 modum

180 967 279 1038 tradit
294 992 444 1039 numeros
456 968 636 1039 inveniendi
652 961 921 1063 fimpliciffimos,
937 970 1059 1064 quique
1075 967 1183 1039 datam
1194 977 1462 1069 proportionem,
1486 974 1540 1047 vel

179 1082 387 1134 tatronemex
413 1087 541 1137 rimant.

231 1162 277 1231 X.
313 1165 362 1232 Ι).
394 1183 412 1228 e
426 1157 455 1229 la
472 1163 554 1229 Hire
569 1159 656 1253 die4
670 1161 751 1229 Maii
763 1158 943 1256 generalem
955 1159 1145 1231 methodum
1160 1186 1196 1231 ex
1222 1160 1327 1249 osuit,
1351 1170 1414 1262 qud
1434 1172 1468 1238 in
1480 1195 1538 1240 or·

178 1253 280 1341 dine,
301 1278 337 1325 ut
350 1277 470 1325 vocant
484 1260 611 1351 magico
626 1260 749 1325 numeri
768 1255 1001 1347 quadratorum
1024 1262 1149 1353 parium
1165 1187 1391 1353 disponuntur.
1427 1270 1542 1338 Varias

177 1347 242 1418 effe
257 1353 395 1421 rationes
409 1345 595 1445 disponendi
616 1355 648 1420 in
661 1354 790 1445 magico
802 1348 913 1419 ordine
929 1375 1078 1422 numeros
1091 1353 1263 1446 quadratos
1279 1357 1325 1423 im
1349 1381 1416 1429 ares
1432 1415 1443 1446 ,
1466 1359 1536 1431 eas·

178 1469 244 1540 que
257 1450 301 1517 ita
320 1442 430 1515 faciles
443 1442 504 1514 elle
521 1454 554 1517 bt
571 1451 658 1517 tritas
677 1446 791 1531 docet,
809 1468 845 1514 ut
862 1442 974 1515 frustra
985 1445 1046 1515 alia
1065 1451 1245 1544 inquiratur
1263 1381 1432 1526 meilrodus
1456 1453 1534 1525 srm-

178 1538 295 1637 plicior
310 1564 365 1611 aut
384 1538 523 1612 facilior.
544 1543 610 1611 Sed
620 1567 667 1612 res
679 1540 776 1636 longe
788 1540 878 1611 aliter
893 1538 925 1609 se
939 1538 1035 1612 habet
1048 1545 1081 1613 in
1095 1543 1252 1634 quadratis
1264 1543 1394 1642 paribus
1415 1584 1424 1636 3
1444 1572 1536 1647 quu-

206 1659 247 1704 ue
266 1636 416 1707 hasienus
438 1629 508 1707 funt
524 1634 691 1732 publicarat
707 1634 872 1721 methodi,
887 1636 967 1706 adeo
986 1633 1056 1705 sunt
1070 1634 1215 1708 difficiles
1229 1647 1262 1710 δι
1283 1641 1446 1737 implicita
1467 1702 1477 1732 ,
1500 1673 1540 1721 ut

179 1658 295 1803 Rasa
306 1730 335 1803 fe
345 1734 539 1827 excogitatas
555 1733 678 1804 duxerit
689 1730 910 1827 proponendas
923 1786 934 1817 ,
948 1728 1038 1827 qubd
1048 1732 1158 1804 saltem
1176 1728 1234 1802 srnt
1247 1742 1280 1806 δι
1293 1735 1486 1831 intellectu,
1502 1753 1539 1814 δε

180 1818 271 1896 fastu
284 1849 372 1924 aeque
383 1824 504 1914 faciles,
515 1852 553 1898 ac
564 1826 793 1920 quadratorum
806 1850 1013 1895 numerorum
1026 1831 1201 1926 imparium
1213 1827 1338 1904 tabulae.
1364 1837 1452 1906 Tum
1461 1863 1540 1910 eam
1630 1833 1638 1847 ⁸

178 1915 365 2015 disponendi
378 1943 528 1992 numeros
545 1927 702 1993 tationem
713 1918 848 1989 dilucide
862 1921 1009 2019 explicat.

230 2019 318 2090 Idem
331 2025 350 2093 8
362 2020 464 2112 Junii,
479 2042 547 2111 quo
559 2022 713 2113 temporis
730 2010 830 2111 spatio
845 2041 961 2114 corpus
978 2021 1009 2086 in
1026 2014 1171 2116 cycloide
1184 2041 1280 2116 atque
1290 2026 1322 2092 in
1335 2030 1400 2113 eius
1411 2033 1544 2122 poetice

174 2109 270 2181 nibus
283 2116 427 2203 decidat,
447 2112 538 2182 simul
553 2123 586 2185 δι
603 2109 753 2210 quasdam
775 2111 850 2181 alias
867 2136 899 2206 c>
909 2115 1019 2186 cloidis
1032 2120 1238 2212 proprietates
1252 2118 1397 2215 exposuit
1406 2178 1417 2207 ,
1432 2131 1463 2194 δι
1477 2126 1536 2194 de.

176 2209 386 2283 monstravit.
1224 2236 1228 2241 ·

230 2307 263 2372 X
277 2311 304 2378 l.
328 2311 375 2378 D.
388 2310 555 2401 Varignon
564 2303 640 2376 duas
652 2326 783 2401 quoque
794 2304 1077 2378 demonstrationes
1091 2330 1154 2401 quq
1172 2308 1213 2378 ad
1224 2311 1355 2380 eandem
1374 2316 1540 2408 pertinent

173 2404 343 2471 materiam
361 2403 476 2491 adjecit
494 2427 505 2471 z
529 2425 599 2497 qua:
623 2401 753 2497 quidem
770 2395 877 2470 minsis
890 2399 959 2474 funt
974 2402 1031 2473 sim
1055 2399 1152 2488 lices,
1164 2406 1266 2496 quairn
1282 2428 1320 2474 ea
1341 2429 1411 2499 quae
1424 2411 1533 2503 pauri't

158 2514 252 2565 ·ante
264 2496 372 2568 diebus
384 2494 426 2568 ab
439 2499 553 2567 eodem
574 2495 635 2566 fuit
649 2491 829 2593 proposita,
848 2492 898 2566 sed
913 2427 1098 2570 multosltnt
1109 2493 1308 2573 faciliores&
1323 2496 1533 2597 simpliciores

170 2590 277 2681 quam
291 2593 519 2664 demonstratio
531 2599 551 2662 a
563 2598 606 2664 D.
619 2597 753 2688 lingens
765 2589 1038 2691 expofita.Neque
1048 2589 1133 2665 aliud
1148 2597 1181 2661 in
1196 2616 1228 2662 re
1238 2599 1346 2691 magni
1359 2603 1538 2685 momenti,

170 2681 230 2754 ubi
250 2691 354 2785 agitur
371 2690 409 2760 de
433 2690 588 2760 accurari
608 2691 764 2784 temporis
779 2681 922 2759 mensura
937 2744 947 2776 ,
961 2684 1201 2787 quaefitumest,
1225 2691 1326 2785 quam
1342 2712 1375 2761 ut
1387 2689 1453 2761 hac
1465 2691 1531 2789 ipsa

168 2789 304 2853 materia
319 2781 356 2854 fit
372 2784 536 2857 intelledlu
552 2783 691 2856 facilior.

210 2881 289 2974 Jam
304 2880 353 2950 die
371 2882 484 2975 nJunii
504 2905 628 2951 novam
642 2878 945 2950 demonstrationem
962 2885 1047 2951 circa
1066 2897 1173 2948 motus
1194 2876 1387 2953 lsoehronus
1406 2899 1530 2980 propo.

167 2969 274 3045 suerat
292 3030 302 3061 ,
326 3002 396 3073 quae
409 2974 537 3047 brevior
556 2985 589 3050 &
604 2971 767 3044 intellectu
789 2972 914 3043 facilior
929 2976 1077 3061 videtur,
1094 2976 1195 3067 quam
1208 2981 1327 3070 quavis
1343 2979 1405 3048 alia
1418 2979 1531 3051 hauc.

167 3091 279 3140 uusex
304 3071 419 3144 litata:
442 3069 506 3141 hoc
522 3073 653 3167 quidem
669 3072 836 3138 inventum
849 3070 888 3138 de
901 3093 993 3140 motu
1012 3067 1224 3162 pendulorum
1238 3071 1276 3138 ad
1287 3073 1454 3169 horologia
1469 3102 1531 3173 ap-

168 3184 242 3237 tato
252 3221 264 3252 ,
283 3096 455 3265 lorologia
479 3162 675 3237 oscillatoria
683 3163 722 3233 ad
736 3161 896 3234 summum
912 3164 1117 3259 perfectionis
1144 3167 1266 3258 ¹ratium
1280 3173 1450 3267 Hugcnius
1462 3197 1534 3268 per·

166 3259 300 3332 duxerat
313 3320 324 3350 ,
338 3265 433 3429 dipna
446 3263 527 3332 adeo
541 3260 604 3332 visa
618 3260 722 3333 resest
737 3283 807 3357 quae
823 3257 922 3330 srfieri
936 3258 1048 3359 possit,
1058 3188 1221 3331 intellectu
1236 3267 1340 3335 minus
1355 3267 1451 3336 ardua
1470 3327 1482 3356 ,
1497 3276 1534 3342 δὲ

166 3359 277 3427 minus
289 3363 366 3428 iuvo
381 3382 432 3429 uta
448 3363 654 3454 excogitatur.

223 3455 254 3520 X
268 3459 317 3526 ll.
331 3459 408 3526 Ι1)ιέ
421 3479 450 3536 15
471 3451 674 3524 Novembris
692 3456 775 3521 circa
789 3475 897 3522 motus
913 3451 1102 3522 ifochronos
1115 3453 1147 3520 in
1173 3452 1317 3548 cycloide
1335 3456 1455 3526 inversa
1472 3485 1532 3529 no-

164 3570 245 3619 vam
258 3557 290 3620 δι
306 3547 496 3647 singularem
510 3545 664 3643 cycloidis
676 3542 883 3617 affestionem
896 3572 933 3618 ex
949 3545 1195 3643 precedentibus
1209 3550 1541 3624 demonstrationibus

164 3665 293 3714 erutam
308 3649 393 3715 idem
410 3650 454 3716 D.
468 3646 637 3736 Vatignon
658 3638 822 3739 proposuit
836 3649 869 3712 δι
883 3642 1108 3712 demonstravit
1121 3675 1129 3729 3
1144 3665 1247 3736 eaque
1265 3645 1309 3714 est
1328 3643 1481 3741 ejusmodi
1497 3672 1540 3721 ut

165 3761 236 3808 non
253 3734 356 3810 solum
377 3743 410 3810 in
430 3760 624 3831 unaquaque
639 3744 704 3830 ejus
727 3735 961 3834 portione,vel
984 3760 1059 3806 arc-u
1079 3733 1119 3808 ab
1140 3741 1229 3830 apice
1249 3733 1377 3838 sumpto
1398 3740 1531 3814 descen-

164 3827 218 3904 sus
238 3840 382 3933 corporis
394 3839 497 3931 gravis
512 3830 570 3901 fint
589 3831 770 3917 ifochroni‚
785 3828 835 3901 sed
849 3832 995 3903 etiam-id·
1005 3837 1110 3901 evenit
1123 3836 1155 3900 in
1175 3829 1301 3924 lingulis
1321 3833 1459 3933 partibus
1472 3864 1532 3909 eo-

165 3947 401 4017 mmarcuum,
415 3952 485 4026 quae
504 3935 619 3998 mutuo
632 3925 687 3996 fibi
706 3924 896 4024 respondent
919 3953 928 3997 :
950 3949 1047 4020 atque
1062 3925 1136 3995 hine
1150 3925 1359 4024 problematis
1373 3936 1536 4030 imprimis·

165 4021 282 4093 curiosi
296 4027 411 4123 pendet
422 4025 558 4107 solutio,
577 4023 664 4115 quod
679 4026 833 4119 proponit
848 4030 880 4093 δι
895 4021 1104 4095 demonstrat.

214 4124 298 4191 Hac
315 4122 447 4216 quidem
458 4121 530 4190 licet
543 4119 581 4187 ad
599 4121 819 4186 Geometriam
832 4141 899 4185 non
913 4141 1025 4215 puram
1040 4171 1050 4201 ,
1067 4142 1139 4212 qua·
1162 4117 1289 4190 derebus
1305 4118 1442 4218 Physicis
1461 4148 1535 4195 non

163 4214 210 4288 tst
225 4209 354 4300 secreta,
369 4224 525 4313 pertinere
534 4215 730 4302 viderentur,
742 4237 816 4283 curn
831 4235 940 4296 tamen
952 4209 1010 4282 smt
1024 4215 1316 4300 reconditiorahoc
1329 4217 1404 4287 loco
1415 4221 1531 4316 profe·

165 4312 266 4386 renda
280 4309 474 4386 censuimus.

214 4410 246 4476 X
258 4412 331 4482 111.
365 4407 447 4478 lllud
457 4408 544 4477 meri
554 4408 795 4478 Geometricum
807 4403 970 4500 fuitquod
984 4408 1029 4478 D.
1042 4407 1144 4478 Carti
1157 4409 1208 4477 die
1223 4406 1337 4500 13Julii
1351 4408 1527 4507 proposuit,

164 4503 356 4577 methodum
372 4504 489 4575 scilicet
502 4502 883 4598 generalenr,.qui·omuis
892 4506 1014 4598 generis
1025 4501 1233 4598 parabolas&
1246 4501 1436 4599 hyperbolas
1448 4529 1528 4602 qua·-

163 4602 259 4672 drare
275 4621 310 4668 ut
325 4604 434 4678 aiunt,
451 4622 505 4668 aur
525 4597 664 4667 dimetiri
687 4592 771 4664 licet.

212 4697 290 4790 Jarn
303 4719 337 4766 ut
348 4696 387 4766 de
402 4695 587 4765 Geometria
603 4689 742 4788 practica
760 4693 913 4764 nonnulla
934 4690 1154 4784 subjiciamus,
1172 4716 1307 4786 quaerpue
1326 4716 1364 4761 er
1384 4689 1445 4763 usu
1466 4693 1535 4769 elli

164 4790 319 4896 poffirnt,
340 4795 395 4868 D.
406 4797 547 4866 Sauveur
559 4786 717 4887 scriptum
729 4784 767 4856 de
780 4785 1107 4892 mensuridoliorum
1116 4789 1192 4887 legit
1209 4841 1220 4875 ,
1235 4786 1331 4955 guni
1350 4788 1428 4861 illud
1449 4819 1539 4892 pror

1284 4908 1337 4956 uo
1361 4912 1393 4982 ij
