3646 5430
261 380 331 452 420
591 355 794 428 REGIAE
840 349 1296 427 SCIENTIARUM

117 436 229 521 Auri.
318 457 392 527 lv.
423 453 470 523 D.
487 450 690 525 Tournefoit
712 455 746 522 in
765 445 953 551 prefatione
975 446 1102 518 laudata
1128 449 1286 521 existimat
1303 446 1344 520 ab
1366 447 1449 546 opio
1468 472 1524 527 ant
1548 472 1613 555 pri:

117 545 207 627 ¹⁶9⁶.
259 552 358 636 duci,
377 568 432 618 aur
448 544 567 618 secerni
586 551 620 617 in
640 545 793 646 sanguine
807 543 968 637 liquorem
982 541 1076 614 illum
1094 549 1152 640 qui
1165 539 1316 616 somnum
1332 545 1493 618 conciliat
1513 575 1615 626 :trini-
1648 582 1650 589 ·

260 669 324 740 que
345 638 428 713 dosis
447 641 602 742 praeberut
617 644 754 728 idonea,
769 640 812 712 sic
828 640 936 711 fundit
951 635 1138 736 sanguinem
1152 697 1164 728 ,
1180 664 1216 712 ut
1239 645 1305 711 tori
1326 641 1377 713 illi
1390 637 1536 739 benigno
1557 672 1614 744 qun

260 741 401 838 ligantur
419 735 566 836 spiritus,
591 739 792 834 procreando
807 731 950 807 sufficiat.
980 734 1081 832 Qud
1094 731 1117 806 si
1132 735 1216 808 ultra
1229 735 1332 833 quim
1347 760 1409 835 par
1436 734 1475 810 sit
1493 765 1615 840 ,anges

261 858 313 906 tur
325 830 411 1000 tposis
425 889 436 920 ,
450 830 569 998 sil-{gs
595 833 714 904 humor
733 828 903 932 spirituum
922 851 1053 903 motum
1068 829 1285 929 perturbatae
1299 829 1476 932 szpelrinc
1488 830 1616 935 soporos

288 955 324 1000 ro
347 953 424 1001 eunt
450 954 466 998 a
549 952 612 1002 us.·
1473 973 1478 979 ·

262 956 285 1031 P
320 1032 374 1097 De
395 1047 508 1094 natura
531 1031 565 1095 dr
591 1028 716 1121 origine
740 1020 925 1095 cochenillae
956 1021 1102 1119 qnaedain
1132 1045 1204 1094 orra
1234 1024 1281 1092 est
1301 1023 1558 1117 controversi,
1583 1054 1619 1105 in

252 1145 399 1222 granum
420 1115 522 1206 esset,
545 1142 581 1191 ut
607 1126 652 1194 1).
670 1117 837 1190 Roulleau
850 1113 1036 1217 scripserat,
1056 1142 1097 1186 an
1118 1123 1225 1217 potius
1245 1117 1410 1190 infestum
1428 1124 1616 1218 quodmin,

262 1242 299 1289 ut
323 1221 367 1288 D.
394 1220 438 1288 D.
457 1216 496 1284 de
518 1212 549 1284 la
578 1221 661 1288 Hire
683 1223 717 1288 δι
747 1210 949 1286 Tournesort
976 1210 1156 1285 videbatur.
1205 1216 1273 1287 Hic
1306 1211 1421 1287 mense
1464 1216 1615 1297 Febtmrii
1649 1294 1651 1307 ¹

261 1308 934 1506 111111111111111111ἱὶ111
941 1306 1100 1491 illis:
1116 1306 1440 1504 libliffi’
1452 1322 1616 1507 ,Subli

244 1506 354 1599 *quod
374 1509 514 1599 opuntiae
533 1502 770 1601 &quibusdam
787 1498 855 1570 aliis
875 1499 992 1597 plantis
1009 1497 1186 1571 adnascitur
1211 1533 1222 1588 3
1243 1507 1324 1599 quin
1347 1508 1385 1573 δι
1401 1503 1455 1579 D.
1476 1504 1617 1583 Roob

263 1604 321 1694 qui
336 1601 533 1670 contrarium
551 1597 715 1697 scripserat
728 1604 774 1671 D.
792 1599 906 1667 Domo
918 1598 1056 1695 ingenue*
1074 1592 1169 1667 salsus
1185 1597 1232 1667 est
1250 1652 1263 1686 ,
1285 1595 1317 1668 se
1345 1622 1390 1670 ex
1415 1604 1617 1698 quornmdn

262 1698 447 1766 narratione
468 1694 500 1762 id
514 1692 678 1792 accepisse.

316 1792 382 1862 Die
396 1787 520 1887 4.Julii
535 1797 579 1864 D.
594 1788 796 1862 Tournesort
812 1791 900 1859 cario
923 1785 1012 1884 hylla
1025 1789 1104 1884 vino
1113 1782 1189 1856 albo
1201 1783 1305 1859 infusa
1313 1787 1484 1866 exhibuit·
1504 1799 1619 1871 llum

260 1883 357 1960 flores
368 1889 402 1956 in
413 1880 557 1956 formam
570 1883 714 1957 rosarum
723 1880 795 1957 sunt
805 1812 961 1980 dispollri,
970 1878 1068 1956 foetus
1083 1878 1243 1954 formatur
1256 1885 1292 1955 in
1303 1884 1426 1978 calice,
1439 1894 1498 1989 qui
1507 1890 1617 1969 radiosa

260 1984 427 2082 tegumine
441 1980 526 2053 unde
537 1982 697 2080 prodeunt
711 1977 855 2065 ramuli,
876 1979 1032 2053 induitur.

314 2085 358 2152 V.
393 2076 482 2145 Cum
496 2077 535 2148 de
548 2076 694 2175 malignis
706 2072 869 2161 febribus,
886 2097 957 2170 quae
973 2072 1080 2172 Aprili
1096 2070 1202 2147 mense
1218 2069 1423 2166 saevkbant.
1446 2079 1540 2155 sm
1556 2080 1614 2159 ia.

260 2173 412 2259 bererur,
427 2176 472 2244 D.
488 2170 649 2243 bouleduc
660 2177 706 2245 ait
719 2174 846 2244 Rutam
861 2167 1023 2241 Saccharo
1034 2173 1199 2246 conditam
1207 2192 1311 2244 unum
1326 2173 1618 2278 effeinreroptim,

261 2293 334 2368 quae
348 2266 409 2338 hos
423 2265 557 2338 morbos
572 2289 722 2340 avertunt
737 2323 749 2354 ,
766 2264 917 2368 praesidia.

310 2369 366 2438 Ne
382 2362 460 2433 illud
488 2365 620 2459 quidem
642 2362 815 2435 tacendum
838 2361 929 2458 quod
951 2367 997 2436 D.
1019 2361 1193 2434 Marchant
1213 2362 1431 2460 admonuit,
1459 2393 1536 2447 etim
1552 2392 1619 2445 ein.

259 2457 336 2559 lysi
357 2459 462 2531 herbae
485 2456 648 2553 cujusdam
666 2485 737 2558 quae
768 2467 791 2530 ri
817 2463 861 2530 G·
880 2457 1026 2530 Bauhino
1048 2456 1316 2555 ornithopodium
1343 2467 1459 2542 radice
1492 2465 1615 2545 rubetosi

260 2556 461 2656 appellatur,
485 2578 597 2627 corani
620 2555 851 2633 adhiberetur.
879 2553 1126 2654 Daleoampium
1147 2554 1253 2644 testari
1266 2552 1299 2630 se
1319 2563 1618 2661 experientiaouc

260 2675 332 2724 tuin
352 2650 440 2816 (panc
467 2653 597 2752 stirpem
616 2650 762 2724 adversus
785 2647 967 2738 calculum,
990 2673 1046 2723 aut
1062 2673 1175 2721 renum
1198 2645 1352 2730 sabulum
1374 2662 1546 2759 optimum
1570 2654 1619 2733 esi

263 2773 351 2818 terne
374 2771 453 2821 iuni.
1598 2777 1609 2784 ·

313 2850 344 2917 V
360 2849 386 2914 l.
415 2845 505 2916 Cum
524 2848 623 2917 eriam
641 2844 681 2915 de
695 2845 836 2944 gangliis
852 2902 863 2934 ,
882 2870 937 2919 aut
959 2841 1132 2916 tuberculis
1149 2857 1162 2933 ',
1178 2842 1279 2943 viilgo
1299 2903 1312 2936 ‚
1334 2851 1473 2946 Lonpes
1494 2906 1506 2936 ,
1529 2847 1619 2927 simo

259 2938 455 3028 haberetur,
475 2946 520 3018 D.
537 2941 675 3040 Galloys
696 2942 822 3013 mulieri
835 2970 896 3044 pau
939 2946 965 3012 ri
979 2965 1045 3010 non
1062 2945 1105 3011 ita
1119 2943 1241 3039 pridem
1258 2942 1477 3019 tuberculum
1496 2952 1529 3021 in

258 3035 404 3108 sanarum
417 3041 462 3108 ait
475 3093 486 3123 ,
499 3062 593 3108 mane
604 3046 637 3111 &
647 3033 717 3108 sero
731 3040 821 3110 unna
836 2969 996 3138 appllecati
1010 3091 1020 3121 ,
1033 3059 1103 3131 quae
1119 3039 1173 3107 diu
1184 3061 1259 3106 cum
1275 3033 1343 3111 sale
1354 3048 1529 3116 communi

258 3131 351 3203 lierat
365 3133 404 3201 ad
423 3131 655 3204 consistentiam
669 3129 773 3203 mellis
786 3189 798 3220 ,
810 3158 909 3231 atque
920 3139 1005 3204 intra
1015 3128 1066 3200 sex
1079 3127 1319 3204 hebdomadum
1335 3134 1622 3235 spatiumcinetio·

255 3250 333 3297 nem
348 3225 409 3299 else
421 3224 553 3300 faciam.
579 3227 666 3297 Cum
678 3230 775 3298 etiam
793 3253 940 3327 ageretur
953 3229 992 3297 de
1006 3222 1207 3296 distillatione
1219 3232 1253 3296 in
1268 3227 1472 3323 thoracem,
1485 3240 1525 3307 D·
1540 3234 1614 3306 Gai·

257 3322 329 3421 loys
347 3324 378 3394 se
400 3323 421 3394 {a
443 3328 591 3394 Domino
616 3326 716 3418 Regis
739 3320 891 3421 accepisse
912 3328 957 3394 ait
977 3377 989 3409 ,
1010 3323 1154 3392 sanatum
1175 3346 1251 3394 euni
1272 3321 1371 3398 fuisse
1390 3327 1614 3424 111111οω111ὲ

256 3424 381 3491 cancris
395 3415 474 3498 usu.
493 3421 525 3490 id
551 3441 591 3489 ue
603 3443 641 3491 ex
654 3416 806 3517 Malpigii
821 3418 966 3493 confilio.

304 3518 403 3590 v11.
443 3519 482 3585 Μ
537 3539 555 3586 e
586 3511 756 3586 Februario
779 3517 818 3587 de
846 3512 1074 3614 perspicatione
1104 3511 1274 3589 insensibili
1306 3521 1429 3592 astum
1452 3520 1513 3595 suit
1534 3528 1554 3597 d
1575 3527 1613 3597 D.

255 3614 406 3700 Dodarr,
423 3635 461 3682 ac
478 3614 518 3683 de
535 3614 759 3709 experimentis
783 3613 992 3682 dSansiotio
1011 3635 1066 3709 pet
1091 3637 1130 3699 30
1143 3635 1242 3684 annos
1268 3611 1360 3685 banc
1377 3621 1413 3687 in
1428 3642 1499 3699 tem
1512 3616 1615 3693 nui:

255 3733 327 3808 quae
353 3731 428 3778 cum
447 3710 633 3778 Sansiorius
654 3703 695 3777 fic
732 3705 852 3780 roserat
867 3763 878 3794 ,
895 3702 984 3801 quasi
998 3711 1098 3777 aetaris
1117 3704 1276 3780 diierfitas
1293 3709 1381 3782 nihil
1393 3708 1617 3788 afferatdiscri-

255 3809 372 3890 minis,
387 3801 454 3874 haec
468 3803 524 3874 sibi
540 3732 777 3898 aliquantulum
795 3799 961 3900 suspe&a‚
983 3824 1042 3872 nec
1065 3797 1137 3874 satis
1157 3797 1248 3873 firma
1261 3807 1302 3875 ad
1317 3802 1426 3879 fidem
1449 3807 1617 3884 faciendam

255 3899 415 3970 videntur.
444 3902 535 3970 Nam
548 3904 569 3970 ri
584 3923 615 3990 33
631 3903 723 3967 amris
734 3898 847 3968 eadem
860 3901 1076 3993 experimenta
1088 3896 1238 3992 usurpans
1249 3900 1281 3969 id
1290 3909 1483 4000 comperit,
1508 3897 1616 4006 perspi-

254 4000 394 4067 rationes
412 3987 590 4066 senescente
603 4018 738 4089 corpore
751 3990 860 4065 minils
880 3989 1025 4089 copiosas
1037 3989 1117 4082 else,
1141 3989 1255 4088 easque
1267 3994 1331 4068 esst
1349 4003 1549 4095 parciores,
1570 4001 1614 4074 ui

253 4115 329 4164 cuni
353 4094 391 4160 iis
404 4144 415 4171 ,
429 4114 499 4185 quae
515 4093 649 4189 pervias
665 4087 824 4161 naturales
844 4091 1041 4160 exseruimus
1067 4144 1078 4176 ,
1100 4087 1321 4164 conferuntur.
1369 4099 1446 4196 Qi
1465 4103 1553 4171 enini
1569 4122 1612 4171 rr·

252 4189 326 4259 dem
344 4184 408 4257 cibi
423 4191 602 4281 quantitate
615 4181 772 4275 vescitur,
788 4183 894 4256 multo
907 4186 1012 4255 minus
1024 4181 1177 4284 perspicit
1192 4190 1226 4257 in
1243 4182 1439 4280 seerure,
1463 4200 1564 4291 quiin
1584 4200 1612 4267 in

252 4292 449 4377 juventute,
471 4278 523 4351 sed
546 4279 655 4352 multo
676 4279 746 4377 plus
766 4305 822 4378 pet
849 4283 1046 4352 excretiones
1071 4274 1262 4370 sensibiles,
1294 4290 1332 4356 dt
1362 4288 1435 4359 vias
1469 4288 1614 4363 naturales

252 4384 395 4451 emittit:
421 4380 637 4474 quodutique
652 4375 691 4444 de
705 4372 806 4476 seipso
821 4401 858 4448 ex
883 4397 967 4446 crtus
990 4378 1082 4447 estin
1101 4400 1240 4471 utroque
1266 4377 1364 4454 slatu.
1386 4382 1498 4481 quue
1511 4387 1614 4459 mdcni

251 4477 377 4546 videtur
391 4471 570 4546 consonum
590 4497 693 4544 :nain
714 4402 952 4569 ingravelbente
967 4494 1052 4559 etate
1075 4478 1147 4569 poti
1172 4469 1333 4544 densiores
1357 4473 1446 4552 fiunt
1465 4535 1478 4567 ,
1504 4489 1539 4555 δι
1553 4505 1613 4553 rm·

275 4577 299 4643 is
320 4568 553 4642 contrahuntur
569 4596 578 4640 :
595 4591 666 4642 turn
692 4576 770 4640 verri
793 4567 880 4639 calor
899 4570 1024 4639 nativus
1041 4574 1076 4639 in
1094 4568 1160 4641 dies
1179 4567 1364 4643 debilitatus
1390 4597 1463 4646 non
1486 4572 1612 4676 ampliu

222 4704 225 4709 <
249 4598 428 4765 suppeditat
442 4664 612 4764 particulas
622 4667 704 4736 adeo
724 4660 867 4751 subtiles,
879 4687 943 4758 que
963 4688 1071 4735 eoscos
1085 4662 1156 4734 illos
1170 4688 1294 4736 meatus
1308 4688 1496 4764 penetrent.
1533 4676 1615 4745 Hinc

249 4768 377 4862 parcior
390 4763 436 4834 est
456 4761 584 4838 occulta
595 4755 797 4859 transpiratio
804 4813 818 4850 ,
839 4781 938 4856 atque
954 4756 1082 4833 uberior
1096 4765 1228 4839 materia
1238 4784 1298 4863 per
1310 4766 1380 4839 vias
1392 4762 1615 4867 naturaletsoq

247 4879 401 4933 cernitur.
