3646 5430
274 452 279 460 -
364 394 715 473 sernum
761 386 1088 472 HISTORIA.
1107 393 1252 471 er·
1313 454 1320 465 .
1464 426 1524 496 579

217 500 335 574 ΧῙῙῙ.
364 498 413 571 Ι).
433 494 596 569 bouleduc
611 491 765 594 analyfim
782 491 1106 593 bypemeuanaealbae
1128 550 1139 583 ,
1156 497 1288 564 cinereae
1312 493 1347 566 dc
1371 489 1460 567 subni
1485 525 1526 571 rae
1543 491 1633 589 chy.

167 600 310 693 primum
320 616 376 690 per
385 589 641 677 distillationem,
652 612 723 663 tum
736 612 792 688 per
803 591 1008 661 extradiionis
1021 587 1212 662 methodum
1232 586 1404 687 aggressus,
1417 523 1529 666 exiac
1544 591 1639 663 mira.

166 691 336 790 polleriori
349 685 469 784 analyfi
489 709 592 785 partes
605 683 718 758 salinas
737 693 772 760 δι
789 681 937 757 refinosas
952 682 1028 757 buic
1041 685 1139 759 radici
1150 681 1310 756 uberiores
1332 683 1429 759 inesse
1448 712 1530 788 cog·

166 788 281 868 novit,
294 779 391 856 salem
406 784 538 881 quidem
554 781 640 880 aqud
658 779 773 880 pluvio
785 778 955 868 distillata,
975 775 1105 878 sulphur
1116 804 1173 852 aot
1185 777 1319 851 resnam
1332 778 1445 948 spiritu
1461 787 1530 856 vini

168 885 316 954 extraxit.
343 881 432 951 Cum
450 902 559 950 autem
574 882 608 950 in
621 876 682 949 lrac
696 877 800 949 radice
810 871 853 948 sal
867 900 930 973 prae
942 873 988 948 sul
1012 875 1091 947 bure
1105 877 1310 964 dominetur,
1325 881 1335 948 i
1368 874 1437 951 fieri
1468 875 1533 951 osse
1568 904 1573 909 ·

167 976 324 1049 existimat
344 980 389 1049 D.
401 972 718 1062 lsouleduc,utsnler
729 976 765 1044 in
777 973 862 1066 aqud
873 968 969 1044 soluti
979 902 1162 1069 lirlplrureas
1182 994 1285 1070 partes
1302 969 1409 1045 secum
1429 999 1447 1045 a
1493 998 1534 1047 u-

169 1095 267 1158 cant,
286 1094 469 1142 aureorum
484 1095 548 1167 ope
559 1094 644 1167 aqua
656 1067 784 1140 eosdem
793 1065 920 1180 facilius
934 1065 1075 1142 exsolvat
1085 1091 1208 1164 ,eaque
1220 1063 1286 1140 sola
1300 1071 1466 1170 principiis
1475 1094 1535 1143 rc·

169 1161 1331 1356 ‘lllllslsltsssllssslsls'll'sillsllflllllsllm
1340 1261 1534 1338 mistam

168 1384 211 1430 eo
225 1354 295 1429 sunt
304 1356 487 1455 explorata,
503 1380 644 1452 qnorum
658 1352 803 1427 historias
815 1352 975 1440 recenset,
986 1380 1026 1425 ac
1041 1352 1125 1425 seces
1140 1351 1205 1452 ipse
1225 1357 1337 1430 radicis
1347 1355 1409 1432 sele
1421 1358 1478 1431 suo
1495 1369 1532 1436 de

169 1452 319 1551 sulphure
336 1474 437 1523 exutae
450 1476 517 1522 non
535 1451 662 1523 inutiles
672 1472 806 1548 reperto
815 1445 898 1522 sunt.
922 1446 1163 1536 Radicisalbae,
1180 1473 1251 1546 qut
1260 1451 1396 1527 debilior
1411 1456 1456 1527 ess
1470 1513 1482 1547 ,
1494 1465 1531 1532 dt

169 1548 326 1649 subnigrae
344 1572 435 1644 ,quae
447 1547 490 1616 ess
508 1545 650 1618 violenta
665 1550 771 1642 magis
785 1601 795 1634 ,
810 1566 915 1642 partes
924 1549 1006 1617 inter
1019 1543 1049 1617 se
1063 1546 1221 1617 contulit:
1240 1548 1274 1616 in
1289 1543 1437 1648 subnigri
1449 1576 1530 1650 pau.

170 1650 273 1716 ciores
291 1641 361 1716 sunt
381 1666 485 1740 partes
502 1639 649 1715 salinae&
661 1638 836 1740 sulphurea
847 1665 947 1737 quam
959 1645 992 1712 in
1005 1637 1280 1729 cinerea,tametsi
1288 1640 1342 1714 illa
1354 1652 1421 1716 vim
1434 1644 1534 1721 haber

171 1748 331 1833 majorem
343 1795 353 1826 ,
365 1739 446 1810 adeo
461 1761 497 1810 ut
511 1741 559 1808 vir
575 1737 632 1810 illa
644 1742 677 1808 in
691 1761 777 1810 certa
790 1732 882 1822 dosi,
908 1745 942 1808 dr
968 1739 1201 1833 principiorum
1220 1734 1296 1808 crafi
1316 1746 1417 1840 magis
1431 1766 1532 1840 quam

170 1840 206 1906 in
216 1859 328 1908 earum
343 1838 437 1933 copia
450 1832 550 1933 posita
560 1834 704 1906 videatur
715 1888 727 1922 ,
738 1856 799 1904 nec
808 1826 931 1932 semper
948 1836 1151 1904 ratiocinium
1161 1856 1235 1904 cum
1245 1840 1438 1933 experientia
1450 1863 1534 1911 con·

171 1953 289 2003 veniat.

227 2033 266 2098 ln
289 2025 363 2099 alba
376 2025 481 2098 radice
493 2021 600 2096 multo
613 2027 740 2124 parcior
755 2023 800 2095 esl
816 2017 938 2112 resina,
954 2048 1054 2121 quom
1070 2028 1105 2098 in
1126 2027 1251 2098 cinerea
1264 2048 1383 2127 ,atque
1393 2028 1470 2103 binc
1485 2035 1539 2107 vie

170 2130 240 2217 ejus
253 2121 388 2194 debilior
399 2123 464 2206 est,
509 2121 556 2192 lus
568 2115 639 2192 salis
649 2119 698 2192 illi
713 2118 803 2194 inest.

222 2218 274 2288 Est
284 2219 345 2289 alia
357 2224 391 2288 in
402 2147 528 2288 ssrafilla
543 2215 674 2313 planta,
692 2224 782 2309 cujus
806 2218 955 2289 meminit
970 2211 1043 2289 Piso
1059 2219 1116 2314 qui
1131 2221 1253 2315 primus
1269 2224 1417 2294 omnium
1429 2219 1534 2323 bype-

172 2335 321 2382 cacuanae
335 2313 446 2382 radicis
461 2315 659 2382 mentionem
671 2307 763 2382 feeit.
1111 2364 1115 2369 .

233 2410 315 2478 Haec
332 2406 402 2477 Cra
415 2411 488 2503 apia
503 2408 663 2478 vocitatur
675 2400 784 2476 iisdem
798 2401 866 2475 fere
886 2402 1016 2476 dotibus
1029 2410 1158 2506 predita
1171 2408 1237 2496 est,
1255 2407 1371 2508 quibus
1387 2411 1534 2511 bypeea·

174 2525 275 2572 cuana
288 2557 299 2586 ,
313 2508 347 2574 de
360 2499 400 2572 ad
411 2501 539 2572 eosdem
552 2497 623 2573 usur
636 2496 825 2586 adhibetur,
841 2496 1025 2572 vulneribus
1044 2510 1149 2598 qua-d
1164 2503 1284 2604 sagittis
1304 2516 1465 2582 venenatis
1478 2514 1534 2582 in-

173 2594 371 2684 dictasunt,
388 2595 555 2668 salutarem
568 2601 614 2668 uti
630 2602 665 2667 δι
679 2592 828 2669 adversus
835 2591 1018 2696 serpentum
1029 2601 1150 2673 morsus
1163 2604 1404 2679 comnendaut.
1425 2609 1536 2704 Hujus

173 2690 419 2792 descriptionem
430 2691 508 2789 legit
526 2698 574 2768 D.
587 2689 749 2789 Gcosroy.

186 2895 1534 2935 ———--—--·---—·-—----.

577 3022 928 3109 CAPUT
1000 3031 1154 3122 111.

409 3172 467 3316 lle
491 3227 702 3346 quibastsarrr
719 3230 806 3314 aliis
827 3233 1085 3349 operationibus
1104 3241 1297 3354 clynicis.

172 3455 201 3522 ¹·
232 3438 1538 3638 Dlrsslsslsllzlfflblslllfflllslllssdllslltl

175 3641 294 3711 dorum
306 3643 387 3710 vires
403 3657 458 3731 per
471 3629 563 3703 serum
576 3634 813 3703 Aroometrum
829 3635 1014 3708 dimetiendi
1034 3635 1225 3711 uuehodum
1246 3576 1419 3717 insiderat
1437 3704 1450 3736 ,
1468 3670 1534 3743 qut

173 3758 282 3807 autern
297 3735 422 3805 rarione
433 3732 521 3799 vires
534 3725 639 3800 Alcali
655 3722 842 3815 menfirrari,
855 3739 889 3800 ὁ(
905 3754 1062 3827 quantum
1074 3732 1243 3808 aridorum
1254 3744 1388 3811 retinere
1400 3764 1534 3835 queant,

173 3830 402 3998 silue
416 3820 565 3993 ‘tale
575 3821 1426 4011 isrsrsuiltusrdullzrffi‘
1438 3862 1534 4005 u

250 3981 262 4000 .
1106 3950 1158 3995 mo
1172 3951 1224 3998 ea
1301 3972 1303 3977 ·
1353 3957 1413 4003 ven
1458 3959 1475 4004 c

174 4019 395 4119 praescribunt.
414 3945 603 4090 pDesilrbrss
615 4013 747 4111 quidem
759 4014 853 4088 alcali
867 4014 1045 4106 cumbris,
1059 4041 1132 4090 turn
1144 4020 1327 4098 volatilibus
1339 3958 1535 4120 lanisterii

174 4118 249 4188 dem
269 4113 367 4188 verba
380 4111 525 4198 fecerat,
541 4111 581 4182 de
601 4111 732 4182 terrenis
750 4115 980 4185 tantummodo
998 4113 1063 4187 boc
1075 4119 1109 4186 in
1125 4114 1205 4188 loco
1220 4118 1350 4195 differit.

225 4217 284 4283 vir
298 4210 465 4281 acidorom
478 4201 726 4279 indissolvendo
738 4258 750 4291 ,
763 4228 799 4277 ut
812 4212 860 4277 vis
872 4208 965 4280 alcali
977 4215 1011 4281 in
1028 4236 1072 4283 eo
1087 4208 1188 4308 polita
1203 4215 1272 4305 esd,
1289 4217 1379 4313 quod
1394 4212 1455 4292 snt
1472 4215 1538 4291 dis·

174 4305 325 4380 solubilia
334 4331 345 4377 τ
354 4328 452 4401 atque
461 4303 625 4375 orborum
637 4307 720 4371 vires
737 4301 778 4372 ad
792 4326 892 4375 certat
902 4305 999 4379 aleali
1008 4312 1149 4405 exigeret
1158 4309 1473 4410 mensuras,quprlam
1485 4315 1538 4386 al-

175 4404 237 4475 cali
250 4398 414 4474 exsatiavit
426 4396 585 4497 spiritibus
598 4398 719 4483 acidis,
737 4422 883 4495 quorum
896 4407 979 4473 vires
996 4427 1091 4476 antea
1104 4428 1163 4501 per
1175 4411 1404 4500 Argomerrum
1420 4409 1536 4510 explo-

175 4521 313 4583 raverat,
328 4491 573 4591 uniuscujusque
592 4494 733 4592 pondere
756 4519 838 4567 cum·
856 4522 948 4594 aquae
969 4496 1134 4575 fluviatilis
1152 4510 1308 4600 gravitate
1329 4503 1465 4580 collato.
1496 4512 1543 4578 lit

175 4598 308 4690 quidem
322 4595 411 4663 acida
432 4612 647 4756 quaepuenon
666 4585 739 4661 sunt
759 4592 969 4680 uniusmodi,
987 4617 1067 4665 cum
1093 4597 1240 4690 quedam
1263 4622 1349 4671 certa
1373 4598 1540 4678 exsolvant

177 4712 314 4788 corpora
330 4744 340 4774 ,
381 4711 432 4757 uae‘
442 4681 482 4755 ab
496 4709 514 4754 a
528 4689 564 4755 iis
575 4684 694 4756 inusta
708 4709 841 4759 manent
858 4698 892 4761 δι
911 4683 1018 4763 illaesa.
1045 4691 1096 4762 Ad
1114 4693 1180 4763 duo
1192 4715 1301 4765 tamen
1315 4719 1430 4793 genera
1443 4722 1540 4771 revo-

176 4790 244 4859 cari
255 4808 295 4858 ea
305 4714 454 4884 posunt,
471 4803 616 4878 quorum
631 4803 739 4855 uuum
756 4806 857 4884 aquae
875 4782 999 4887 sortes,
1018 4785 1158 4862 alterum
1182 4811 1294 4960 runprd
1303 4789 1426 4958 pegasea
1443 4816 1542 4870 eon·

1347 4911 1372 4984 ¹1
