3646 5430
413 335 459 410 ²4
738 303 938 377 REGIAE
999 296 1445 373 SCIENTIARUM

279 408 348 486 ‘Aa
361 435 398 484 u.
462 416 510 485 X.
531 407 666 508 Spiritus
682 400 815 498 quidam
832 400 1027 483 atramenti,
1042 392 1231 467 seuvitrioli
1255 389 1437 493 sulphureus
1461 396 1541 469 inest
1561 400 1654 495 aquis
1668 405 1778 471 mine·

281 520 386 594 1667.
416 505 554 592 talibus,
576 525 647 600 quae
670 496 772 593 vulgo
791 498 894 594 magis
916 487 1064 564 salutares
1079 489 1256 577 habentur,
1279 489 1403 562 tametsr
1425 519 1483 565 nec
1506 491 1627 566 ferrum
1644 520 1703 564 nec
1723 501 1777 563 vi·

287 607 391 678 3168.
417 602 550 675 triolum
572 605 607 670 in
631 594 680 666 his
708 588 739 663 se
764 592 896 690 prodat..
932 593 1012 660 Hoc
1026 586 1201 659 ilentidem
1228 591 1250 658 d
1274 582 1305 656 se
1324 583 1524 660 observatum
1540 588 1647 664 aiebat
1671 596 1717 664 D.
1731 589 1785 665 du

284 678 290 691 ⁸
416 695 623 791 Clos,qubd
647 714 722 763 cum
742 693 777 759 vi
790 680 883 786 ignis
898 684 1058 779 liquorem
1079 706 1212 754 omnem
1240 683 1258 753 ὲ
1294 683 1429 754 vitriolo
1461 683 1609 758 eduxillet
1633 745 1643 775 ,
1674 692 1778 760 itera-

412 816 447 868 ta
478 791 682 864 distillatione
704 781 829 884 spiritus
851 782 984 878 quidam
1015 775 1201 879 sulphureus
1225 787 1260 852 δε
1275 777 1419 850 volatilis>
1432 782 1498 853 leni
1526 781 1631 855 calore
1654 788 1787 881 primus·

410 888 548 975 exibat,
569 889 626 981 qui
647 883 747 952 odore
763 875 892 976 sulphur
910 873 1086 962 referebat,
1099 871 1152 947 sed
1174 882 1208 947 δι
1225 880 1331 946 omnis
1352 875 1543 949 corrosionis
1563 903 1671 975 expers
1695 904 1788 957 erat.

414 990 484 1061 Hic
502 982 606 1054 facile
626 986 661 1050 in
689 1001 781 1048 auras
802 968 992 1060 evanescit,
1015 972 1105 1066 quod
1127 975 1162 1042 in
1183 994 1224 1042 eo
1248 970 1326 1042 inest
1354 976 1455 1070 magis
1481 997 1672 1074 corporeum
1708 980 1786 1050 unat

415 1105 494 1151 cum
508 1076 691 1176 phlegmate
709 1069 941 1156 confunditur,
968 1075 1002 1143 δι
1019 1071 1054 1138 in
1069 1064 1202 1139 rubrum
1215 1066 1381 1166 pulverem
1394 1072 1607 1233 praecipitatur
1624 1076 1705 1169 ‚qui
1715 1070 1787 1151 ali*¹

414 1176 481 1272 qud
506 1174 641 1244 donatur
662 1165 789 1268 spiritils
809 1169 940 1238 virtute.
978 1166 1158 1261 [iquorem
1187 1171 1270 1236 verb
1295 1161 1387 1234 illum
1411 1160 1558 1256 subtiem
1589 1172 1684 1238 miras
1712 1168 1783 1237 do-

412 1291 461 1342 tes
480 1275 513 1342 in
543 1264 756 1364 temperandis
788 1262 810 1334 s
821 1266 956 1354 irituum
975 1259 1207 1349 motionibus,
1236 1264 1270 1330 in
1293 1254 1486 1331 resolvendis
1506 1256 1788 1336 obstinationibus

411 1355 573 1437 viscerum
590 1362 708 1435 habere
724 1384 787 1458 prae
810 1356 926 1431 itabat.
947 1363 986 1428 In
1001 1382 1043 1427 eo
1062 1381 1219 1454 aquamm
1230 1379 1344 1454 genere
1364 1380 1440 1453 quae
1455 1354 1563 1427 vitriol
1579 1382 1621 1426 cae
1647 1354 1780 1435 censen„

413 1481 465 1533 tur
482 1484 537 1532 aut
553 1458 762 1556 ferruginea,
788 1476 925 1552 queque
944 1448 1020 1524 sunt
1042 1451 1303 1549 frequentiores,
1331 1456 1401 1521 vim
1424 1454 1615 1549 praeipurm
1639 1452 1787 1551 pohtrnn

414 1552 476 1628 elle
491 1561 526 1626 in
545 1553 656 1653 spiritu
677 1550 871 1650 sulphureo,
893 1572 1035 1645 eumque
1057 1545 1191 1620 rubeum
1219 1547 1363 1619 colorem
1388 1550 1406 1619 ὲ
1426 1544 1510 1646 galla
1534 1545 1647 1620 elicere
1669 1551 1783 1621 existi.

414 1650 526 1723 mabat
545 1679 554 1724 ε
576 1648 628 1722 sed
647 1676 723 1722 cum
738 1644 863 1720 summi
875 1640 914 1715 stt
927 1643 1069 1716 volatilis
1085 1702 1096 1733 ,
1111 1647 1183 1716 eitb
1198 1649 1225 1716 is
1248 1641 1426 1741 diffipatur.
1462 1640 1564 1737 quue
1588 1640 1686 1740 longe
1711 1650 1784 1715 uti-

415 1745 478 1819 lius
495 1746 565 1819 fore
584 1743 756 1832 censebat,
775 1739 798 1813 sr
817 1739 948 1837 spiritus
965 1740 1019 1814 ille
1043 1743 1064 1812 d
1084 1740 1221 1811 uitriolo
1238 1764 1294 1838 per
1319 1738 1558 1811 distillationem
1578 1738 1619 1808 ab
1635 1741 1707 1810 aliis
1737 1740 1784 1809 li.

416 1842 571 1938 quotibus
581 1833 716 1913 secretus
729 1836 956 1918 adhiberetur,
978 1859 1017 1906 ac
1036 1860 1144 1934 paucae
1167 1835 1250 1906 illius
1266 1857 1364 1931 guttae
1379 1839 1413 1906 in
1426 1858 1510 1930 aqua
1524 1839 1717 1920 communi,
1743 1845 1787 1913 δε

415 1928 1142 2125 lilii?‘lllhglillssllnalll
1156 1929 1332 2125 inillis
1348 1928 1788 2119 hhlll‘lilrlh*

417 2133 542 2222 generis
556 2118 1146 2225 aquaeauttranllarae,autallervatae
1163 2127 1216 2193 vix
1235 2120 1328 2192 ullius
1352 2117 1422 2194 sunt
1447 2118 1520 2191 usus
1546 2174 1556 2205 ,
1582 2146 1657 2190 cum
1681 2129 1780 2220 Spiri-

418 2241 489 2290 tum
504 2221 596 2291 illum
609 2218 816 2321 sulphureum
830 2219 1009 2308 murum,
1024 2241 1062 2290 ac
1072 2214 1153 2319 saepe
1169 2217 1302 2292 terreni.
1312 2219 1445 2290 materih
1470 2214 1659 2315 corporibus
1678 2219 1788 2297 noxi&

420 2338 606 2399 onerantur.

843 2592 930 2702 'e
946 2619 988 2701 Α
1010 2620 1039 2701 r
1058 2623 1104 2706 u
1129 2623 1172 2703 τ
1251 2628 1315 2710 u„

808 2805 865 2893 De
897 2809 1026 2921 iisdem
1052 2815 1153 2924 aquis
1166 2813 1403 2926 stagillaerr’ms

421 2988 530 3164 RE
547 2991 585 3063 X
606 2955 717 3064 multis
737 2983 849 3061 Gallia
867 2988 950 3104 loeis
961 2993 1234 3105 aqueminerales
1246 2993 1318 3110 sunt
1330 2991 1503 3094 asportatae
1517 3049 1529 3082 ,
1545 3013 1658 3106 'eaque
1682 2990 1708 3064 a
1731 2997 1788 3068 152

548 3088 591 3160 du
608 3086 689 3160 Cios
713 3094 747 3158 &
768 3087 937 3158 Bourdenn
953 3089 1104 3160 omnibus
1119 3116 1229 3164 coram
1254 3093 1422 3205 diligenter
1449 3112 1644 3164 examinatae.
1689 3089 1789 3161 Cuma

424 3205 534 3256 autem
547 3206 594 3254 res
604 3182 662 3270 srt,
679 3177 701 3248 fi
717 3206 790 3279 quae
800 3181 882 3270 alia,
896 3186 929 3254 in
943 3182 989 3256 Ph
1016 3183 1079 3256 hei
1090 3212 1214 3284 magnae
1229 3188 1408 3272 utilitatis,
1440 3188 1480 3257 ud
1494 3183 1662 3273 methodo,
1673 3209 1780 3279 quave

423 3283 550 3351 ratione
562 3282 595 3349 in
609 3301 719 3350 earum
730 3282 873 3348 examine
882 3304 978 3376 proce
1023 3285 1087 3353 rint
1097 3286 1157 3352 viri
1168 3287 1201 3353 in
1214 3212 1636 3384 Chymidsrdlduuonibus
1655 3286 1780 3352 exerci-

424 3380 484 3445 tati
497 3430 508 3460 ,
523 3371 634 3446 libello
645 3376 677 3445 in
690 3369 773 3443 hanc
791 3396 866 3444 rem·
876 3375 964 3446 edito
977 3371 1175 3475 publicatum
1185 3378 1248 3452 fuit
1259 3382 1412 3472 ,adeo-ut
1426 3379 1560 3450 minimi
1568 3373 1788 3448 necessarium

421 3466 521 3541 nobis
535 3471 677 3543 videatur
690 3471 736 3538 ire
750 3492 804 3565 per
819 3466 974 3568 lingulas,
1003 3474 1121 3568 quidve
1145 3478 1179 3547 in
1195 3479 1233 3548 iis
1249 3469 1479 3576 deprehensum
1500 3472 1601 3546 fuerit
1625 3475 1789 3544 minutius

424 3586 584 3664 exponere
599 3563 746 3655 ,summa
760 3564 912 3636 duntaxat
925 3573 1029 3667 capita
1041 3567 1256 3648 decurremus.

471 3663 660 3759 Antequam
674 3685 774 3758 aquae*
786 3685 823 3732 ex
837 3660 916 3733 locis
928 3662 1057 3762 longius
1073 3664 1184 3739 diffitis
1194 3667 1454 3755 adveherentur,
1478 3665 1520 3739 ab
1544 3670 1588 3738 iir-
1601 3689 1673 3762 quae
1701 3681 1782 3761 pron?

426 3778 468 3853 pe
483 3758 644 3828 Lutetiam
660 3756 827 3829 minerales
840 3754 1017 3846 habentur,
1038 3757 1335 3862 placuitincipere,
1358 3764 1379 3836 ὲ
1398 3760 1545 3846 Palsracis
1559 3760 1658 3858 vulgo
1677 3758 1788 3853 Paffi,

420 3859 464 3925 dt
483 3850 720 3923 Autolienlibus
731 3878 770 3924 v..
784 3852 932 3926 Auteiiil.
955 3851 1029 3926 Illas
1047 3851 1154 3951 spiritu
1165 3858 1287 3933 uitrioli
1302 3857 1481 3958 sulphureo<
1492 3857 1691 3958 aliquantum
1713 3861 1788 3929 im*

427 3949 633 4042 pregnariex
644 3970 685 4017 eo
699 3941 884 4017 conclusum
902 3947 964 4027 eli,
989 3950 1079 4046 ‚quod
1103 3952 1205 4048 pulvis
1218 3955 1456 4053 galla-inicum
1473 3977 1593 4050 aquam
1615 3973 1787 4025 recentem

426 4038 529 4111 rubeo
539 4038 650 4143 colore
666 4040 831 4128 infecerit,
846 4047 908 4137 qui
925 4043 1174 4120 statimevanuit
1188 4107 1198 4138 ,
1214 4049 1270 4122 ubi
1283 4049 1476 4150 ignisealori
1488 4050 1620 4122 admota
1632 4047 1688 4121 est.
1706 4051 1782 4143 Spin

425 4139 505 4207 ritus
518 4129 588 4205 salis
598 4141 795 4208 ammoniaci
806 4140 864 4235 qui
879 4140 946 4210 und
959 4163 1033 4212 cum
1051 4141 1210 4220 calcinato
1222 4168 1345 4218 tartaro
1357 4148 1514 4218 extractus
1522 4142 1648 4232 fuerat,
1661 4141 1790 4220 affirsus.

425 4229 575 4302 lacteum
591 4257 683 4329 aquae
712 4236 869 4333 impertiit
895 4236 1041 4310 colorem
1051 4235 1171 4326 ,fimul
1189 4250 1224 4317 ἃ
1248 4268 1362 4344 parum
1375 4238 1515 4342 pulveris
1529 4239 1595 4312 albi
1607 4249 1641 4313 δι
1656 4236 1793 4314 subtilis·

424 4351 565 4434 praeceps
580 4330 711 4403 decidit.
812 4337 816 4346 '

481 4428 527 4495 Ex
544 4429 582 4495 iis
596 4425 719 4496 indiciis
742 4429 909 4521 conjicere·
929 4429 1020 4502 licuit
1042 4434 1195 4530 quiddam
1221 4434 1421 4507 vitriolieum
1444 4435 1480 4504 in
1492 4436 1531 4504 iis
1542 4440 1637 4532 aquis·
1652 4422 1788 4505 delites-

422 4541 496 4602 eote
512 4543 527 4591 e
550 4545 630 4592 nam
641 4544 716 4593 eum
734 4518 801 4591 fere
816 4523 961 4598 colorem
976 4527 1067 4627 galla:
1079 4531 1268 4602 admistione
1281 4530 1424 4630 praebent
1437 4586 1448 4617 ‚
1463 4554 1562 4627 quem
1578 4557 1663 4629 aqua
1683 4555 1784 4602 com-

424 4619 532 4687 munit
553 4621 607 4689 cui
626 4617 792 4689 vitriolum
815 4617 1033 4720 ferrugineum
1058 4628 1220 4722 adjectum
1243 4625 1326 4717 fuit,
1350 4622 1408 4697 nisr
1421 4627 1511 4724 qudd
1526 4625 1578 4697 hic
1593 4629 1685 4698 color
1707 4651 1792 4701 atro·

425 4705 471 4794 er
490 4716 647 4815 trahor,
677 4722 809 4812 uram
832 4710 1106 4819 liqurdhsbene
1124 4724 1245 4803 rinion
1262 4781 1286 4825 ,
1310 4724 1346 4801 id
1377 4747 1477 4824 omae
1508 4725 1545 4819 {1²
1570 4719 1686 4831 spiriru
1717 4749 1790 4837 ve:

1698 4819 1789 4913 lanu
