3646 5430
180 442 185 447 .
448 363 801 442 ACADEMIAE
837 358 1165 453 Bistonii„
1203 376 1356 461 baffi,
1522 398 1563 491 q,

219 464 308 539 tione
324 486 530 562 cotnpertum
557 460 695 538 habetur
723 490 792 540 uno
819 489 907 539 anno
937 473 973 541 iu
998 467 1141 544 olerum
1156 498 1230 572 qn
1248 474 1367 553 hou
1388 506 1431 557 a
1445 512 1574 565 m„-
1604 536 1614 553 ,

220 583 422 648 truncantur,
440 559 530 634 uerbi
570 566 649 632 tatia
666 565 701 634 in
711 560 815 663 specie
827 563 965 662 Lapethi
983 621 997 655 ‚
1016 590 1090 664 qun
1107 565 1247 645 Aaou
1262 574 1414 673 pam
1426 584 1541 657 am
1560 610 1583 663 ᾗ
1602 624 1622 657 s

220 652 318 754 Casp.
344 658 512 748 Bauhino,
544 589 610 730 loc
627 658 737 747 est,in
748 659 874 733 oxalide
887 658 1043 734 culinarii
1068 684 1122 738 tot
1139 663 1265 765 surgere
1283 672 1462 752 mlimleo
1484 734 1490 743 .
1511 704 1546 753 ut
1562 676 1586 751 ί
1604 718 1625 753 r

219 776 259 825 err
273 755 385 824 eadem
402 753 509 852 planta
527 751 640 854 sponte
659 761 723 827 ruri
741 761 849 856 genita
862 757 1054 830 aestimentur
1076 816 1089 849 ,
1117 769 1154 834 dt
1167 784 1368 861 mnqtatque
1382 744 1534 845 ῐωᾷα
1545 796 1589 851 κ
1604 814 1628 851 u

219 849 335 944 justam
350 853 603 948 magnitudinem
621 849 812 937 excrescere,
830 850 976 924 futorum
996 850 1118 945 fuerit,
1140 877 1180 929 ut
1201 851 1321 931 semina
1336 866 1371 933 in
1392 887 1592 967 unoquoque
1603 908 1631 949 μ

222 944 384 1016 cauliculo
396 969 554 1048 concepta
565 947 604 1018 ad
618 951 792 1021 minimum
805 973 847 1020 eo
861 971 998 1022 numero
1010 973 1207 1050 proventura
1221 950 1353 1042 fierint,
1366 964 1425 1053 qui
1435 985 1592 1071 noopnu.
1605 1006 1631 1041 ⁴.

222 1040 363 1113 cioribus
377 1067 479 1139 quam
492 1070 521 1132 ¹3
541 1042 650 1141 figuris
660 1045 890 1142 comprehendi
905 1039 1019 1144 polin,
1045 1046 1111 1122 hoc
1121 1049 1167 1119 est
1181 1048 1292 1121 saltem
1309 1051 1458 1126 trtillione
1468 1056 1591 1130 mllio
1606 1102 1633 1139 a

222 1160 324 1223 num,
345 1144 486 1233 centenis
501 1141 613 1212 multis
626 1139 838 1228 utillimum,
864 1145 943 1212 item
967 1149 1108 1216 centenis
1128 1145 1312 1216 millionum
1330 1145 1457 1245 aliquot
1482 1207 1494 1238 ,
1522 1159 1588 1227 tto
1605 1198 1633 1233 a

221 1236 305 1399 ¹Ecce
319 1234 379 1348 tibi
396 1232 520 1310 summa
534 1265 561 1327 r,
577 1262 654 1331 419,
671 1241 737 1335 581,
756 1248 831 1333 604
844 1292 855 1328 ,
875 1262 938 1334 ρο
948 1294 960 1327 ,
972 1234 1130 1312 feminum
1144 1240 1347 1314 occultorum
1361 1247 1396 1315 in
1410 1270 1477 1319 utto
1489 1270 1594 1348 grano
1607 1297 1631 1331 a

236 1354 405 1406 arentium.

265 1433 312 1503 Il.
332 1426 430 1499 Aliud
442 1455 533 1527 aeque
545 1429 677 1528 vulgare
688 1437 721 1503 δι
733 1434 851 1502 mirum
863 1427 1005 1502 necsaris
1020 1431 1230 1518 inculcatum,
1246 1432 1352 1506 multd
1366 1441 1471 1508 minut
1482 1435 1589 1509 decla
1608 1393 1634 1525 Σ

222 1546 329 1596 aarum
343 1584 354 1614 ,
369 1524 586 1599 Cathetismus
601 1526 795 1626 plantatum,
811 1524 874 1597 srve
889 1527 1108 1624 perpendiculi
1118 1529 1265 1626 quaedam
1287 1525 1452 1602 affidatio
1472 1535 1505 1601 in
1518 1553 1591 1602 tatr-
1608 1590 1632 1624 a

224 1643 295 1693 tum
317 1646 376 1708 ,ut
393 1629 490 1695 etiam
515 1624 555 1694 ad
570 1648 624 1725 per
649 1622 833 1694 endiculum
858 1619 990 1695 inverso
1006 1621 1125 1697 semine
1145 1620 1285 1695 radicula
1304 1621 1423 1696 sursum
1448 1623 1592 1724 (pediam
1607 1686 1632 1721 a

223 1724 289 1792 ima
305 1740 403 1814 petat,
414 1716 550 1791 viciffim
562 1721 603 1791 ad
615 1649 779 1790 illmmunr
789 1720 963 1814 contendat
980 1717 1125 1815 plantula
1137 1719 1177 1790 ad
1193 1723 1297 1791 imum
1313 1718 1464 1792 converfi
1477 1775 1488 1805 ,
1503 1728 1592 1809 ctrina
1606 1783 1632 1820 u

223 1821 270 1887 rei
284 1813 389 1885 causas
407 1820 540 1914 exponit
553 1813 755 1913 probabiles,
772 1811 824 1886 sed
839 1811 929 1885 fodio
942 1819 1183 1889 minuacertas,
1214 1818 1315 1912 Quod
1328 1813 1514 1914 compensat
1526 1811 1591 1887 his·
1606 1882 1631 1917 a

225 1917 310 1986 toria
322 1912 460 1981 aliorum
473 1912 588 1982 eodem
600 1908 826 2010 spectantium.
1606 1979 1631 2015 ω

276 2013 352 2080 111.
388 2011 452 2078 Die
467 2012 506 2083 28
522 2011 573 2076 Au
621 2010 656 2080 sti
679 2032 769 2092 1700
786 2012 832 2082 D.
848 2003 1021 2106 Homberg
1035 2002 1270 2078 observationes
1283 1999 1351 2076 suas
1369 2011 1453 2078 circa
1488 2006 1594 2079 lauta·

225 2130 299 2178 turn
315 2105 386 2175 olea
404 2105 422 2171 e
440 2101 562 2202 scripto*
584 2109 662 2201 egit.
687 2107 787 2174 Initio
802 2103 934 2201 quidem
947 2103 1026 2175 illud
1041 2104 1176 2176 advertit
1196 2104 1217 2173 ὲ
1259 2100 1352 2172 lanus
1365 2032 1516 2175 omnidus
1534 2127 1593 2200 per

225 2207 308 2299 ignis
321 2197 474 2295 analyfim
488 2201 551 2271 olei
564 2205 750 2297 portionem
763 2201 926 2296 quandam
940 2201 1091 2272 edudiam
1109 2197 1199 2271 firiiie
1212 2257 1222 2287 ,
1235 2129 1285 2268 led
1299 2221 1374 2270 cum
1394 2225 1514 2298 magno
1530 2193 1593 2269 dif-

227 2299 387 2379 crimine,
407 2319 473 2365 non
485 2301 518 2364 in
530 2299 710 2389 quantitate
727 2293 829 2365 modo
849 2349 860 2380 ,
885 2291 935 2364 sed
959 2298 1057 2363 etiam
1077 2293 1281 2387 inqualitate
1301 2291 1474 2382 oleorum,
1494 2295 1597 2391 idque

229 2414 325 2489 penes
341 2385 471 2458 artificis
484 2389 638 2489 operandi
649 2389 797 2460 modum.
833 2389 947 2458 Planta
971 2394 1092 2478 quavis
1112 2392 1191 2459 citra
1207 2386 1307 2457 ullam
1353 2394 1598 2481 raparationem

230 2508 358 2557 retortae
371 2482 541 2582 impolita,
569 2491 603 2555 δι
625 2479 714 2578 quafi
733 2507 772 2554 er
796 2481 936 2577 abrupto
950 2479 1096 2553 distillata
1115 2488 1221 2553 miuus
1238 2479 1304 2550 olei
1328 2414 1432 2552 laridi
1459 2482 1596 2581 prebet,

230 2585 335 2677 quim
351 2578 407 2650 ubi
420 2581 575 2679 paulatim
587 2576 746 2649 extillatur
765 2613 775 2668 ;
794 2581 905 2649 eadem
922 2572 1168 2650 fermentatione
1183 2573 1338 2676 ptaentisad
1357 2586 1514 2671 majorem
1532 2578 1599 2649 olei

230 2676 398 2842 ellenriplis
413 2681 540 2777 copiam
553 2673 731 2774 suppeditat
744 2731 756 2764 ,
784 2700 860 2748 cut-n
872 2673 916 2745 est
929 2679 1105 2747 aromatica
1122 2731 1134 2764 ,
1152 2698 1252 2772 quarn
1269 2671 1291 2770 st
1306 2671 1513 2748 fermentatio
1528 2699 1600 2746 nott

255 2799 332 2844 raece
358 2795 432 2846 ent,

230 2800 253 2872 p
278 2877 293 2941 1
305 2877 347 2943 V.
360 2875 473 2963 ltaque
484 2868 593 2939 oleum
603 2866 729 2938 uberius
739 2889 794 2938 aur
808 2873 931 2964 parcius
942 2864 1080 2964 &planta
1093 2890 1148 2964 per
1159 2863 1400 2936 distillationem
1411 2871 1504 2936 variis
1514 2867 1594 2934 edu-

231 2971 315 3038 citur
329 2965 457 3036 modis:
474 2969 491 3038 ὲ
508 2963 624 3062 quibus
636 2963 742 3060 plures
754 2968 891 3034 tentavit
910 2969 955 3036 D.
971 2962 1160 3055 Hombetg..
1190 2961 1287 3030 Circa
1309 2958 1491 3057 plantatum
1516 2985 1598 3030 ana«

231 3060 313 3158 lyses
325 3061 403 3133 illud
419 3064 597 3131 constanter
614 3063 749 3145 evenit,
767 3080 803 3128 ut
812 3058 1015 3130 distillatione
1030 3059 1157 3155 peradll
1175 3059 1208 3126 in
1229 3059 1333 3151 capite
1355 3078 1487 3126 mortuo
1506 3055 1598 3151 quod

232 3163 266 3229 in
279 3180 397 3229 retorta
413 3154 572 3252 superest,
588 3157 657 3252 plus
672 3155 803 3224 dimidia
816 3178 905 3249 patre
917 3158 1005 3240 ,imo
1015 3163 1048 3227 δε
1066 3158 1079 3250 j
1096 3155 1135 3224 de
1147 3161 1214 3245 ejus
1225 3151 1364 3247 pondere
1373 3152 1502 3223 decedit
1515 3159 1600 3224 inter

233 3252 457 3325 calcinandum
476 3248 546 3322 uase
562 3247 709 3337 recluso,
727 3272 782 3320 aut
798 3271 910 3343 aperto
924 3254 997 3347 igne
1015 3273 1136 3346 3atque
1150 3252 1182 3317 in
1196 3248 1227 3317 id
1249 3246 1354 3342 vulgo
1370 3247 1597 3336 consentiunt,

232 3374 356 3450 partem
370 3346 461 3421 illam
475 3353 587 3445 capitis
602 3352 746 3430 mortui,
761 3369 836 3439 quae
848 3344 992 3428 exhalat,
1017 3345 1193 3439 quamdam
1208 3340 1269 3412 effe
1292 3342 1354 3410 olei
1383 3346 1597 3437 portionem,

233 3470 305 3539 quae
319 3439 472 3513 exsiccata
488 3466 562 3511 cum
578 3464 666 3537 parte
679 3461 803 3510 terrena
817 3434 920 3510 &sale
936 3433 1001 3507 fixo
1016 3439 1155 3535 plantae,
1173 3435 1215 3505 ab
1230 3441 1267 3507 iit
1280 3435 1388 3506 diuelli
1403 3462 1470 3506 non
1493 3443 1605 3536 potuit

233 3545 267 3610 in
281 3537 423 3622 retorti,
436 3541 468 3607 ui
482 3541 492 3605 i
518 3541 565 3606 nis
576 3529 706 3608 occlufi.

282 3638 318 3708 ld
333 3655 465 3730 quoque
479 3563 673 3716 oliservatut,
685 3628 793 3701 oleum
804 3625 954 3700 laridum
972 3627 1086 3727 plantae
1100 3651 1164 3697 non
1178 3630 1262 3696 erite
1275 3620 1333 3693 nist
1347 3620 1402 3696 sub
1421 3623 1518 3697 finem
1534 3623 1599 3698 difss

234 3733 425 3815 tillationis,
443 3754 519 3798 cum
533 3751 603 3823 para
616 3727 760 3811 acidior,
781 3733 813 3796 dt
830 3724 873 3794 sal
887 3725 1029 3796 utinosus
1043 3725 1063 3794 ἐι
1079 3724 1184 3820 planta
1199 3718 1337 3818 separata
1352 3721 1493 3811 stillant,
1516 3728 1605 3795 adeo·-

235 3856 271 3903 ut
284 3834 344 3901 tria
355 3826 410 3897 illa
424 3826 568 3924 stirpium
580 3826 737 3921 principia
755 3845 813 3922 per
829 3845 954 3895 retorta
972 3821 1111 3892 rostrum
1134 3840 1248 3890 exeant
1270 3814 1337 3889 fere
1364 3821 1480 3891 eodem
1510 3845 1606 3896 retu*

261 3952 330 3999 ote.

235 3954 256 4028 p
285 4034 330 4097 V.
357 4017 444 4090 Illud
452 4021 551 4088 etiam
564 4015 744 4110 experimur
757 4015 932 4111 plur—imum
957 4012 1022 4084 olei
1046 4032 1121 4082 tunt
1138 4010 1251 4092 educi,
1271 4036 1346 4082 eum
1369 4017 1475 4103 major
1499 4011 1545 4083 eft
1565 4017 1606 4085 in

259 4120 346 4191 lauti
359 4116 441 4184 acidi
455 4117 549 4209 copia
560 4134 634 4180 curn
642 4109 752 4200 aliqua
766 4109 835 4181 salis
844 4108 983 4179 volatilia
993 4111 1191 4205 quantitate,
1205 4130 1303 4206 atque
1316 4107 1425 4178 oleum
1438 4107 1609 4183 innatum·

234 4147 393 4313 lquidum
405 4207 491 4294 elle,
508 4214 542 4280 δι
557 4227 653 4303 caput
664 4230 830 4278 mortuum
841 4211 873 4277 in
884 4204 1095 4275 calcittatioue
1116 4206 1220 4274 minus
1235 4207 1404 4275 imminuit
1432 4204 1534 4300 quue
1547 4208 1600 4273 u·-

236 4319 310 4385 dere
323 4311 366 4381 est
383 4312 415 4375 in
434 4304 646 4374 calcinatioue
659 4301 811 4389 meliori,
823 4301 958 4389 malvae,
976 4299 1148 4399 prunellae,
1178 4300 1362 4386 Abrotoni,
1386 4299 1579 4398 pimpinellae
1590 4353 1610 4388 ,.

236 4411 352 4512 plantat
366 4397 542 4485 sensitiva,
559 4407 630 4472 dcc,
650 4402 795 4485 Contra,
812 4420 883 4497 quae
897 4421 1010 4496 parum
1023 4394 1142 4467 liabent
1152 4399 1235 4468 acidi
1256 4405 1289 4470 δι
1311 4393 1471 4482 volatilis,
1491 4393 1609 4469 oleum‘

237 4502 368 4579 densum
380 4504 414 4568 in
429 4499 528 4590 patui
546 4493 725 4590 quantitate
740 4496 881 4592 praebent
894 4519 971 4566 cum
984 4493 1125 4564 uberiori
1139 4497 1242 4592 rapite
1260 4514 1403 4577 mortuo,
1418 4490 1509 4579 quod
1519 4496 1610 4566 intet'

237 4594 463 4674 calcinandum
475 4589 650 4689 plurimum
665 4596 868 4662 irnminuitur
882 4626 892 4679 3
907 4592 990 4662 adeo
1003 4613 1038 4659 ut
1056 4599 1127 4686 p'arr
1141 4597 1203 4660 tna'
1232 4588 1324 4659 tolei
1341 4589 1374 4655 i'n
1389 4591 1492 4683 eapite
1513 4611 1609 4658 moro

239 4720 298 4770 tuo
312 4711 493 4774 remaneat,
507 4710 542 4757 ur
555 4689 662 4759 videre
674 4687 720 4757 eil
731 4692 763 4756 t'n
777 4682 902 4784 analyll
915 4684 1116 4778 Heliotropii
1132 4685 1162 4750 D
1203 4685 1338 4768 cotidie,
1357 4688 1390 4752 in
1405 4681 1529 4780 Galegd
1544 4690 1602 4756 Ε·

237 4797 404 4896 gppuaca,
415 4791 451 4860 iu
464 4783 970 4885 Diaeunouomutsmenmu
981 4777 1603 4951 majou,·u·Atnbmfi}manuna,ae.

1357 4898 1430 4949 eet
1457 4899 1481 4973 tp
