3646 5430
438 370 765 448 ἈΕᾸΒΕΜΜ
821 370 1332 451 rrrsToer.1.n.1v.
1484 400 1541 475 4¹¹
1635 440 1639 451 .

219 471 330 546 1111.
365 462 717 543 ldumoccasronedata
731 466 771 537 de
782 471 924 565 gemmis
942 464 1072 539 inditiis
1096 469 1228 567 copiosi
1245 471 1406 560 dillervit,
1422 499 1492 572 quae
1520 479 1642 580 πίῃς
1779 512 1782 517 ·

167 574 319 645 sairrariis
333 590 401 640 taur
420 568 501 664 apte
517 563 629 665 effingi
653 563 760 634 solent
782 619 792 651 ,
815 559 940 635 ursulo
962 552 1090 660 aspediu
1117 565 1139 635 ὲ
1166 570 1312 663 genuinis
1329 566 1462 643 discerni
1487 582 1541 647 vix
1556 581 1650 665 mica,

167 662 326 766 polfint,
348 663 430 735 adeo
446 666 589 734 nativam
610 660 725 731 harum
744 655 1002 757 perspicuitatem
1024 715 1035 745 ‚
1058 669 1093 732 dc
1118 661 1237 732 coloris
1269 657 1470 759 splendorem
1500 697 1542 741 e.

174 758 366 833 mulanturr
386 759 515 843 durities
534 756 764 830 tantummodo
786 780 988 852 gemmarum
1012 755 1142 827 sadlitiis
1163 757 1258 843 deest.
1285 764 1380 839 Exiit
1399 761 1544 857 aliesunt

168 860 355 930 teneriores
374 860 463 925 virro
478 859 666 939 communi,
688 848 753 942 aliq
771 855 847 922 vitri
865 852 1014 922 duritiem
1044 874 1165 947 equanr
1189 908 1200 940 ,
1231 854 1293 948 aliq
1316 856 1453 951 denique
1479 863 1545 939 fili.

170 976 259 1024 cum
274 954 425 1022 duritiem
438 944 646 1045 assequuntur
665 1005 677 1035 ,
696 950 766 1016 imo
788 955 822 1020 dc
841 948 1024 1044 smaragdis
1039 945 1110 1018 sunt
1134 942 1315 1038 firmiores,
1342 951 1543 1035 carbunculis

165 1051 238 1120 nix
253 1047 432 1120 inferiores.
466 1047 599 1117 ceteris
612 1067 722 1115 tamen
737 1047 874 1139 gemmis
890 1048 1006 1113 nativis
1023 1047 1058 1112 in
1068 1042 1181 1115 duritie
1192 1044 1310 1116 cedunt
1323 1072 1436 1121 omnes
1452 1054 1545 1129 sacti.

168 1146 240 1236 εἰς.
265 1137 587 1243 lpsacomposrrioet
603 1145 747 1239 patrium
761 1144 1061 1234 componentium,
1084 1164 1157 1233 quae
1178 1138 1297 1212 scilicet
1324 1147 1397 1214 vitri
1425 1172 1543 1251 corpus

169 1235 407 1340 suppeditant,
423 1230 650 1327 auertendum,
660 1257 715 1306 aut
726 1257 875 1335 optatum
894 1231 1040 1305 colorem
1052 1230 1214 1340 praebent,
1227 1261 1302 1336 apta
1314 1250 1545 1341 praeparatione

175 1384 179 1391 ·
268 1358 314 1410 et·

171 1337 350 1526 ‚l‘nffm
365 1427 438 1500 alba
457 1427 518 1500 hac
538 1431 572 1498 in
598 1435 785 1528 operatione
805 1432 942 1503 minime
961 1427 1115 1503 utendum
1140 1429 1185 1507 est
1209 1483 1221 1514 ,
1255 1430 1380 1507 tametsi
1414 1439 1551 1538 crystal-

168 1526 209 1602 ii
234 1527 360 1599 laminis
380 1528 492 1596 ¹vitreis
518 1525 638 1598 utiliter
668 1524 834 1609 adhibetur
860 1558 872 1615 ·,
896 1528 954 1623 qui
983 1528 1070 1595 enim
1094 1523 1142 1620 'cll
1166 1522 1257 1603 color
1287 1534 1321 1600 in
1340 1539 1446 1629 granis
1468 1541 1546 1632 qui.

170 1619 318 1695 busdam
337 1640 437 1700 arene
450 1618 647 1709 metallicis,
669 1620 726 1691 lras
748 1621 881 1693 laminas
902 1644 958 1697 aut
977 1616 1105 1719 specula
1130 1642 1199 1691 non
1220 1617 1346 1712 inficit,
1365 1628 1548 1702 dummodo

171 1720 310 1790 mittum
331 1715 369 1789 fit
395 1716 618 1814 pellucidum,
659 1741 719 1789 nec
750 1715 842 1787 color
866 1717 937 1813 plus
965 1715 1037 1788 satis
1060 1718 1232 1803 emineat,
1267 1727 1347 1815 quin
1378 1714 1418 1798 'dt
1451 1724 1545 1798 color

177 1810 243 1885 ille
267 1813 364 1888 deleri
381 1813 515 1910 potest,
541 1831 598 1882 aut
622 1812 772 1884 imminui
796 1812 942 1885 adhibito
966 1809 1062 1884 solito
1088 1812 1332 1907 medicamine,
1358 1841 1415 1890 aut
1449 1846 1544 1919 mag-

179 1905 316 2008 gnesre‚
334 1933 405 2008 quae
421 1909 617 1979 viriditatem
641 1912 777 1999 nimiam
794 1904 852 1977 suo
869 1909 979 1995 colore
993 1903 1127 1977 subrufo
1141 1930 1309 2008 temperat,
1322 1937 1377 1986 aut
1392 1910 1544 2016 scipsum,

177 2014 274 2099 cujus
294 2005 449 2078 ceruleus
460 2003 553 2073 color
569 2007 705 2074 nimiam
729 2001 921 2075 slavedinem
934 2003 1043 2087 diluit..
1075 2006 1167 2075 Nam
1194 2001 1229 2073 hi
1256 2007 1322 2081 duo
1341 2010 1465 2083 colores
1487 2011 1546 2097 lla·

172 2122 243 2174 uus
262 2095 385 2175 scilicet
403 2109 438 2190 dc
453 2100 564 2169 viridis
581 2094 654 2171 11133-
660 2105 820 2199 precipua
837 2104 913 2172 vitri
928 2105 1018 2174 viria.
1054 2098 1167 2179 Flavus
1189 2097 1378 2203 plerumque
1396 2111 1497 2180 oritur
1508 2131 1551 2181 ex

179 2198 346 2296 particulis
361 2220 451 2269 vena
468 2191 600 2283 ferreae,
620 2220 692 2293 quae
716 2201 750 2266 in
775 2220 870 2277 arena
893 2200 1058 2268 occurrit:
1076 2194 1185 2266 viridis
1206 2193 1225 2266 ὃ
1247 2208 1337 2298 cupri
1357 2205 1467 2292 vend,
1492 2225 1551 2276 aut

161 2300 226 2467 'qt
240 2295 344 2367 'nimii
364 2297 511 2364 cinerum
532 2296 652 2391 copia,
679 2295 738 2390 qui
750 2294 785 2361 in
796 2284 859 2362 sale
872 2341 883 2372 ,
898 2288 959 2371 ⁴stu
974 2296 1008 2363 in
1025 2303 1117 2390 ‘parte
1144 2298 1285 2368 materia
1308 2298 1461 2381 fundente
1476 2295 1552 2374 sunt

282 2396 379 2466 iliter.

202 2412 374 2587 upgpm
388 2486 488 2580 igitur
500 2485 638 2579 gemmis
652 2476 839 2579 effingendis
863 2483 1012 2551 materies
1037 2474 1109 2556 sunt
1129 2482 1228 2555 filices
1252 2532 1261 2562 ‚
1288 2484 1306 2552 ὲ
1331 2486 1446 2579 quibus
1466 2495 1554 2591 ignis¹

172 2580 312 2673 elicitur
332 2610 344 2655 t
362 2580 487 2652 candidi
503 2580 573 2648 sunt
590 2577 666 2648 huic
691 2582 737 2648 rei
755 2580 904 2674 aptiores.
939 2580 1002 2648 lni
1027 2603 1066 2650 ne
1079 2582 1118 2649 ad
1141 2577 1327 2650 rubedinem
1354 2579 1452 2681 usque
1476 2580 1548 2659 tor.

176 2670 321 2768 rentur,
345 2698 414 2749 tum
429 2679 596 2770 inaquam
618 2672 769 2771 frigidam
786 2673 924 2767 conjedli
940 2675 973 2742 in
990 2604 1122 2746 (sustula
1138 2672 1291 2746 facessunt
1312 2699 1321 2745 τ
1345 2684 1401 2771 qui
1421 2687 1453 2753 in
1473 2685 1549 2781 igne

176 2771 333 2866 aliquem
355 2772 525 2864 induerunt
552 2769 725 2854 colorem,
752 2766 823 2839 sunt
848 2765 1043 2860 abjiciendi,
1060 2770 1174 2870 reliqui
1188 2767 1408 2848 exsiccantur:
1432 2783 1554 2851 iterum

176 2864 388 2942 astrati&
412 2866 487 2936 rolli
508 2872 541 2935 in
559 2865 667 2936 catillo
690 2863 814 2961 frigida·
834 2866 1070 2958 immerguntur
1096 2923 1107 2954 ,
1131 2867 1219 2964 quod
1254 2873 1425 2963 quinquies
1449 2931 1460 2961 ,
1495 2897 1554 2945 aur

175 2959 286 3036 {exies
307 2961 488 3037 iterandum
503 3019 513 3049 ,
528 2961 605 3031 dum
617 2958 689 3057 ipsrs
706 2963 813 3058 digitis
827 2965 886 3031 teri
903 2957 1031 3057 pollinr·
1074 2960 1162 3034 Cum
1174 2964 1337 3058 postremo
1355 2963 1552 3041 suerunrca-

180 3057 260 3132 tillo
271 3057 414 3159 impofiti
433 3112 443 3141 ‚
460 3081 528 3126 non
543 3055 682 3153 amplius
694 3063 922 3154 extinguuntur
938 3061 971 3126 in
982 3081 1090 3154 aqua,
1107 3055 1158 3130 sed
1172 3064 1204 3129 in
1217 3060 1407 3130 mortariolo
1426 3065 1550 3162 ligneo,
1692 3056 1696 3066 ¹

154 3162 224 3234 ,ἃ
239 3154 312 3251 pilo
322 3156 435 3228 iridem
448 3152 558 3250 ligneo
580 3156 649 3223 triti
663 3177 716 3249 per
730 3149 872 3223 cribrum
896 3147 1039 3239 subtile,
1068 3177 1125 3226 aut
1144 3177 1267 3228 textum
1291 3154 1456 3235 cilicinum
1481 3184 1552 3233 rra·

175 3252 262 3348 aeui
274 3250 422 3323 lavantur
448 3284 458 3337 ;
484 3274 569 3345 aqua
591 3245 715 3318 turbida
736 3252 770 3318 in
787 3273 841 3318 vas
863 3247 948 3330 aliud
968 3248 1124 3322 transfusa
1148 3251 1192 3323 ibi
1206 3251 1340 3348 quiescit
1352 3251 1557 3348 aliquandiu,

175 3368 224 3419 ac
235 3347 365 3418 tandem
379 3369 464 3439 aqua
484 3344 567 3415 clara
581 3344 738 3415 inclinato
752 3343 825 3416 vase
836 3342 1011 3414 effirnditur
1027 3381 1036 3433 ·,
1058 3351 1115 3442 qui
1138 3346 1233 3418 limus
1255 3353 1371 3439 inimo
1385 3349 1462 3425 uasis
1477 3347 1550 3423 sub·

175 3436 476 3528 &immisceatur
503 3473 513 3528 3
533 3438 600 3510 haec
614 3441 657 3510 ell
675 3443 807 3511 cauteria
824 3442 897 3510 vitri
913 3438 1039 3525 futuri,
1065 3450 1098 3513 δι
1112 3439 1201 3537 quast
1220 3465 1336 3538 corpus
1355 3441 1458 3538 ipsum
1477 3499 1489 3530 ,
1511 3469 1554 3519 ex

183 3561 257 3634 quo
271 3558 408 3635 gemmae
430 3534 629 3607 constabunt·
654 3541 692 3605 In
707 3533 873 3629 pulverem
889 3533 970 3603 adeo
983 3531 1152 3621 subtilem,
1165 3536 1251 3606 banc
1264 3543 1432 3607 materiem
1443 3540 1553 3610 tedae.

182 3654 257 3706 tam
278 3636 444 3732 oportuit,
458 3655 495 3704 ur
515 3629 607 3700 color
623 3655 678 3729 per
694 3633 842 3701 minimas
854 3636 920 3725 rjus
934 3648 1040 3728 partes
1058 3628 1196 3709 diffundi
1214 3627 1317 3729 pulset
1337 3627 1458 3720 pserus
1478 3660 1556 3705 ma.

180 3726 269 3799 tulae
287 3734 320 3799 in
334 3732 420 3799 vitro
438 3726 546 3796 forent
564 3724 685 3796 colotis
706 3747 861 3822 expertes.

243 3828 384 3896 Materia
410 3822 544 3893 fundens
566 3823 611 3892 est
637 3824 794 3906 minium,
812 3821 902 3917 quod
914 3819 976 3890 alia
985 3845 1052 3893 nun
1070 3845 1143 3921 eget
1158 3829 1396 3920 preparatione,
1411 3822 1558 3899 nifi'sols·
1684 3826 1693 3837 ⁸

186 3918 405 4007 cribratione,
422 3941 459 3989 ut
478 3943 552 3988 curn
572 3917 732 3989 calcinato
754 3913 837 3985 filice
849 3919 998 3988 accurate
1018 3917 1197 3990 misceatur.
1220 3921 1333 3992 Fundit
1344 3923 1476 4018 quidem
1488 3927 1552 3994 mi-

184 4019 279 4089 nium
294 4073 306 4103 ,
320 4011 373 4084 seu
391 4014 461 4083 calx
475 4012 598 4111 plumbi
614 4070 624 4100 ,
642 4010 693 4084 sed
712 4021 746 4086 dt
761 4018 795 4083 in
808 4016 929 4084 vitrum
944 4038 1077 4110 quoque
1092 4013 1181 4103 abit,
1204 4024 1236 4088 δι
1253 4010 1376 4089 filicum
1392 4017 1557 4091 sufionem·

184 4132 375 4210 promovet.
407 4113 553 4205 Tingens
566 4112 699 4180 materia
707 4106 778 4180 sunt
791 4107 935 4194 metalla,
944 4130 998 4179 aut
1012 4111 1246 4185 reametallirae.
1279 4113 1405 4184 Aurum
1415 4114 1549 4185 rubeum

183 4206 335 4278 colorem
350 4210 492 4305 impertit
503 4258 515 4288 ‚
526 4204 650 4275 serrum
660 4229 798 4279 aureum
807 4203 950 4301 colorem
961 4260 972 4291 ,
985 4205 1123 4302 crystalli
1136 4210 1282 4304 aeruginis
1294 4212 1440 4296 viridem,
1451 4234 1555 4305 mag-

180 4298 444 4373 uertendum
461 4299 605 4371 colorem
623 4298 844 4377 violaceum&
858 4298 1042 4395 dilutiprem
1056 4337 1068 4393 i
1083 4302 1180 4405 Agidi
1193 4301 1549 4397 'ceruleumcallean-

180 4395 332 4498 tli'opali
347 4396 493 4467 colorem
512 4394 644 4495 praebet.
707 4396 710 4407 '
762 4395 767 4425 ³
881 4420 885 4427 ·
923 4459 926 4463 .
971 4414 974 4419 '
1219 4399 1225 4411 '
1256 4402 1260 4407 ’
1291 4400 1295 4405 ’
1361 4458 1366 4483 ,
1443 4396 1449 4407 ’
1477 4460 1482 4469 ,
1549 4460 1551 4465 .

184 4512 188 4523 ’
229 4498 353 4565 11111.
395 4499 471 4590 Qua
490 4492 647 4564 methodo
661 4490 732 4562 hee·
748 4514 962 4595 preparentur
974 4495 1046 4575 susd
1058 4496 1196 4598 explicat
1216 4500 1261 4573 D.
1281 4490 1455 4591 Homberg
1468 4490 1555 4585 ,sed

184 4589 327 4686 longum
342 4587 419 4677 effer
436 4595 483 4660 ire
496 4611 552 4684 per
567 4584 713 4701 fingula,
730 4614 769 4661 ac
785 4584 887 4662 dostm
904 4589 1056 4688 cujusque
1096 4616 1209 4669 emruae
1222 4597 1391 4693 propriam
1405 4589 1555 4680 definire,

182 4687 258 4759 Res
273 4681 377 4756 effers
392 4685 573 4757 eculatione
592 4685 622 4755 dr
648 4709 687 4754 na
703 4741 715 4776 ,
732 4709 791 4779 nec
807 4684 927 4763 inutilia
944 4616 1100 4789 tsedjpb
1114 4684 1270 4777 tabularia
1281 4684 1553 4780 exscribamus

181 4770 347 4875 wrote
360 4713 478 4877 donne
494 4803 563 4859 nou
582 4710 793 4883 subrpimus.
969 4785 981 4831 ·'

582 4875 628 4886 ··
1284 4875 1409 4985 ertu
