3646 5430
439 360 777 445 'ACADEMIAE
802 368 1109 450 HISTORIA.
1145 371 1222 451 [rt.
1251 381 1298 450 V.
1474 381 1562 471 '372
1675 445 1681 456 ,

198 466 275 541 rt
309 459 477 534 Interalia
494 489 566 562 qurt
587 464 674 541 facta
694 461 813 540 suntin
827 467 976 542 machuti
1074 474 1192 546 marica
1202 474 1417 570 experimenta
1424 525 1436 560 ,
1459 402 1539 551 illud
1559 455 1695 560 rhyssy

166 555 452 726 upuiriplacuit
463 562 516 632 die
528 589 565 634 ro
583 563 765 663 Aprilium
780 563 922 662 liquores
933 573 1271 668 mocaugerenturin
1293 590 1401 644 vacuo
1416 571 1538 669 3idque
1558 582 1608 634 Μ·
1689 610 1697 653 ;

171 684 222 736 er
240 664 408 733 occaronc
427 651 566 756 spongia
581 661 668 756 aqud
690 658 810 753 plenae,
838 661 1113 761 quoeinmathins
1126 664 1285 736 collocata
1306 720 1317 750 ‚
1337 673 1373 740 dr
1393 668 1427 736 in
1450 667 1555 765 aqud·

168 755 322 852 suhjesrd
339 751 497 826 fluuuans
514 752 634 827 sursum
649 757 760 828 efferri
779 753 844 831 visa
856 758 902 830 est
912 810 924 847 ,
935 768 969 832 dr
987 760 1124 856 deprimi
1139 762 1211 831 a‘c'tc
1222 759 1398 841 exhausto,
1416 784 1473 834 aut
1498 789 1542 836 co

172 852 348 928 subeunte.
382 853 496 943 Itaque
513 854 592 922 varii
605 850 747 947 liquores
759 859 930 942 mattario,
949 880 985 927 ut
995 878 1141 942 vocant,
1156 855 1347 953 angustioris
1363 854 1442 929 colli
1454 866 1488 932 δι
1507 866 1548 933 in.

172 971 285 1050 partes
296 942 435 1045 aequaler
447 968 503 1040 per
517 945 613 1016 lineas
633 951 739 1044 nigras
753 947 841 1019 divisi
856 947 928 1022 sunt
939 947 1080 1049 impositi
1092 1005 1104 1037 ,
1114 972 1150 1021 ut
1159 949 1296 1046 liqueret
1312 978 1352 1022 an
1372 951 1419 1023 illi
1432 957 1467 1024 in
1480 981 1541 1026 va·

176 1070 248 1117 cuo
269 1049 480 1125 minuantur,
501 1041 552 1113 vel
565 1066 751 1138 augeantur.
780 1049 877 1140 Aqua
889 1043 1052 1115 fluviatilis
1065 1053 1100 1117 dr
1113 1044 1228 1146 frigida
1243 1070 1264 1128 4
1280 1051 1446 1119 uncianrm
1459 1075 1547 1146 pon·

175 1141 256 1214 dore
271 1136 505 1210 exhaustoairc
529 1139 635 1208 statim
663 1135 729 1209 visa
751 1141 796 1211 est
822 1141 917 1213 altior
937 1137 1157 1237 semipollice,
1179 1145 1325 1216 variante
1352 1142 1406 1213 illa
1427 1142 1541 1218 altitu.
1639 1228 1642 1235 ἱ

177 1237 257 1308 dinc
298 1259 370 1305 enes
385 1229 548 1305 bullarum
561 1236 640 1303 a'c'ris
653 1239 891 1399 quantitatem:
912 1239 1085 1335 postquam
1107 1242 1173 1308 a‘c'ri
1190 1235 1270 1307 liber
1289 1242 1392 1336 paruit
1414 1238 1544 1328 adiuta,

175 1333 247 1403 und
264 1261 331 1404 {td
345 1330 429 1400 linea
443 1327 613 1423 depressior
626 1334 657 1399 vi
673 1332 745 1402 aest
768 1387 779 1418 ,
805 1333 908 1428 quim
928 1355 1002 1404 ante
1016 1333 1269 1405 exantlationcm
1283 1337 1376 1406 a'c'ris.
1424 1338 1541 1430 Itaquo

208 1451 323 1502 uaruor
344 1430 444 1496 unciae
458 1425 627 1519 aquaefetd
641 1426 763 1497 decimi
790 1425 874 1502 scrrd
900 1451 988 1524 parte
1013 1424 1059 1496 sui
1080 1427 1253 1498 voluminis
1274 1433 1414 1523 primurn
1435 1435 1542 1503 anuo

175 1452 274 1614 llum,
288 1545 359 1595 turn
377 1527 461 1591 intra
479 1519 670 1592 semihoram
687 1527 858 1595 imminuta
874 1527 919 1597 est
932 1524 1068 1595 altitudo
1080 1547 1194 1618 aquae,
1211 1524 1296 1592 &ad
1312 1524 1426 1595 statum
1441 1549 1541 1603 natu«

181 1616 286 1690 talem
298 1620 428 1689 tandum
440 1616 597 1690 revoluta.
625 1620 663 1685 In
685 1621 757 1686 a'c'rt
770 1616 873 1690 libero
890 1644 961 1717 quae
975 1624 1115 1715 primum
1132 1618 1195 1688 fuit
1210 1617 1311 1688 moles
1324 1643 1416 1714 aquae
1428 1678 1439 1709 ,
1453 1648 1540 1717 qua-

180 1733 261 1877 tupt
281 1717 380 1813 guttis
390 1712 433 1782 est
446 1713 639 1800 imminuta,
662 1710 727 1783 hoc
746 1712 812 1803 cst,
826 1739 916 1816 parte
932 1711 979 1785 sui
991 1709 1255 1813 quinquagesima
1267 1709 1359 1810 supra
1372 1721 1540 1817 quingen..-

176 1832 339 1882 termam.

226 1911 274 1979 D.
296 1904 470 2002 Homhrrg
492 1903 628 2000 negabat
647 1903 736 1976 illam
760 1910 975 1978 mutationem
992 1904 1165 1976 voluminis
1191 1930 1230 1976 ex
1259 1907 1332 1976 a'c're
1358 1904 1428 2004 ipso
1450 1914 1535 1984 intra

173 2027 298 2100 nquam
315 2003 390 2073 antl
403 1999 554 2088 concluso
569 1997 738 2095 proficisci.
761 2009 851 2075 Nam
863 2006 916 2071 a'c'r
933 2027 999 2072 non
1019 2000 1110 2072 alitcr
1120 1998 1309 2072 admiscetur
1321 2026 1411 2098 aquae
1432 2008 1540 2101 quim

174 2103 354 2194 intercepta
369 2096 454 2166 illius
474 2094 606 2190 spatiola
620 2100 804 2193 implendo;
833 2097 885 2167 ille
904 2120 983 2168 vero
996 2094 1065 2195 plur
1085 2117 1140 2166 aut
1159 2102 1264 2168 minus
1285 2094 1349 2166 loci
1368 2123 1535 2198 occupat,

176 2216 216 2266 ut
232 2199 351 2291 magis,
381 2195 555 2260 autminus
573 2198 728 2288 premitur
756 2231 766 2285 3
791 2192 879 2289 isque
896 2192 1012 2263 elucere
1025 2190 1080 2262 suo
1102 2190 1285 2263 intumescit
1305 2195 1338 2260 in
1360 2195 1537 2284 machina,

173 2310 279 2384 atquo
296 2289 458 2386 egreditur
472 2341 483 2372 ,
496 2308 571 2357 cum
595 2287 852 2389 nullurpinrenit
868 2283 1008 2383 hospitio
1019 2285 1155 2373 locum,
1183 2296 1218 2359 dr
1238 2285 1411 2359 carenum
1434 2290 1509 2364 licet
1524 2346 1538 2382 ,

172 2407 270 2482 atqua
287 2408 399 2456 tamen
420 2382 521 2476 replet
535 2382 700 2454 interstitia
716 2410 725 2456 r
744 2386 829 2455 unde
840 2392 873 2455 dc
887 2384 972 2452 idem
984 2377 1106 2479 semper
1118 2383 1162 2451 eli
1173 2381 1325 2451 volumen
1337 2408 1439 2478 aquae.

232 2482 321 2551 Rem
343 2473 479 2562 suello,
502 2499 601 2571 atque
619 2478 702 2547 hanc
714 2504 805 2574 aquae
817 2476 1227 2568 imminutionemaliunde
1247 2500 1315 2546 non
1334 2482 1411 2548 oriri
1433 2478 1537 2574 quim

168 2572 221 2647 tb
235 2572 328 2668 ipsus
340 2599 425 2670 aquq
446 2570 658 2642 exhalatione.
666 2629 678 2661 ,
699 2572 774 2644 hinc
800 2571 921 2645 constat
941 2627 952 2658 ‚
976 2567 1065 2667 quod
1080 2572 1214 2734 pondus
1237 2596 1320 2668 aque
1340 2572 1357 2641 ὲ
1386 2574 1536 2647 machine

173 2673 303 2743 edudlae
327 2676 472 2766 quinque
488 2670 594 2763 granis
610 2670 819 2741 imminutum
836 2667 936 2739 fuerit
951 2694 959 2736 :
973 2693 1051 2737 nam
1067 2671 1077 2736 i
1101 2691 1153 2735 em
1170 2670 1250 2738 a‘c'ris
1269 2667 1423 2738 volumen
1445 2675 1536 2766 quod

170 2768 246 2855 est,
261 2772 340 2861 quin
365 2788 404 2836 ue
414 2786 590 2861 granorum
604 2787 717 2858 aquae,
735 2769 858 2861 penitus
873 2759 1049 2833 insenfibile
1061 2759 1188 2850 fuisset,
1202 2770 1321 2860 vixque
1330 2761 1536 2838 centesimam
1555 2813 1558 2817 -

176 2871 217 2938 δι
238 2790 459 2960 sexagelrmam
474 2863 564 2956 grani
581 2880 662 2929 unus
676 2882 798 2956 partem
816 2857 974 2953 aequaslet.
1472 2917 1476 2929 ,
1554 2852 1558 2867 '

181 2975 185 2983 '
230 2962 305 3031 111.
335 2955 448 3027 Multo
467 2958 617 3045 majorin
633 2950 742 3050 spiriru
762 2960 828 3026 vini
852 2965 885 3026 dr
907 2959 1003 3023 urina
1023 2953 1085 3024 fuit
1109 2959 1304 3025 imminutio.
1342 2959 1433 3029 Nam
1462 2960 1534 3056 post

169 3055 291 3127 decem
311 3055 393 3123 idlus
419 3050 540 3136 anthlie
557 3071 620 3118 tres
638 3056 738 3121 unciae
753 3058 828 3120 cum
850 3081 863 3144 3
887 3048 1046 3121 drachmis
1071 3046 1195 3146 spiritus
1215 3055 1281 3119 vini
1301 3075 1398 3121 unam
1417 3052 1534 3123 drach.

174 3174 292 3232 tuam,
307 3177 333 3241 4
346 3152 445 3217 unciar
463 3202 473 3231 ,
493 3168 568 3214 cum
579 3143 699 3215 semisse
715 3143 840 3244 spiritus
866 3149 962 3214 urinae
990 3143 1296 3241 sesqui-drachmam
1316 3142 1363 3216 sui
1387 3149 1535 3244 ponderis

170 3240 353 3316 amiserunt
377 3277 387 3330 3
407 3266 445 3311 ac
461 3240 587 3310 sublata
604 3237 766 3338 utriusque
779 3241 911 3338 guttula
927 3237 1046 3310 sudoris
1065 3239 1159 3311 instar
1178 3244 1305 3312 tandem
1319 3241 1485 3331 stillavere,
1497 3267 1534 3316 ut
1548 3265 1560 3291 ι’

172 3344 215 3410 in
236 3337 399 3409 alemhioo
419 3334 486 3408 fieri
500 3329 590 3408 solet.
635 3338 731 3431 Aqua
749 3341 815 3405 vini
830 3338 942 3408 ardens
955 3337 1095 3434 pondere
1116 3366 1129 3428 3
1150 3336 1331 3425 unciarum,
1343 3347 1376 3410 dc
1389 3343 1534 3436 quinque

170 3431 409 3505 drachmarum
421 3434 484 3502 uns
497 3431 653 3500 drachma
661 3429 724 3502 fuir
734 3437 916 3502 imminuta.
944 3479 947 3483 «
1203 3446 1212 3458 ·

227 3532 295 3602 lv.
328 3534 465 3625 Spiritus
477 3527 550 3599 salis
563 3530 616 3597 vir
630 3529 696 3597 und·
707 3526 790 3599 linei
801 3524 895 3598 altius
910 3521 1072 3614 ascendit,
1087 3521 1142 3594 uhi
1156 3522 1289 3598 ebullire
1305 3530 1403 3623 coepit
1417 3582 1427 3614 ,
1442 3531 1533 3626 quod

173 3630 371 3698 minutiores
384 3622 481 3694 essent
498 3626 577 3692 a'c'rir
598 3619 691 3690 bullae
715 3649 723 3694 r
740 3619 795 3691 ubi
817 3620 905 3690 desiit
919 3619 1087 3707 ebullitio,
1101 3620 1207 3714 liquor
1230 3624 1363 3717 pristina
1375 3622 1534 3695 altitudini

146 3775 150 3779 -
174 3720 247 3793 fuit
266 3721 422 3791 restitutus
437 3775 446 3802 ,
462 3723 564 3787 necin
575 3715 677 3786 libero
693 3721 764 3788 a'c'tc
782 3714 875 3788 fitum
889 3719 1028 3786 mutavit
1038 3711 1153 3799 suunt,
1183 3717 1279 3810 ,quod
1300 3719 1440 3812 liquores
1451 3721 1533 3789 acidi

174 3840 259 3887 cum
277 3813 336 3884 fint
354 3820 539 3911 graviores,
557 3836 623 3882 non
640 3812 786 3883 exhalent
802 3817 880 3882 citra
908 3806 1049 3881 calorem
1071 3807 1254 3882 sensibilem·
1285 3819 1391 3904 Hujus
1407 3819 1534 3911 expeti*

175 3917 284 3984 meriti
300 3908 467 3981 occasione
485 3915 529 3980 D.
544 3905 715 4004 Hom'bcrg
730 3904 1032 4006 experirivoluiran
1044 3907 1186 4002 liquores
1198 3913 1230 3977 in
1248 3909 1324 3979 loco
1338 3913 1393 4004 qui
1407 3913 1441 3978 in
1460 3916 1534 3981 a'c'ro

173 4031 288 4080 vacuo
300 4005 437 4094 stillanr,
458 4009 491 4072 in
511 4001 580 4072 vase
600 4003 801 4073 dissiliatotio
812 4005 956 4101 excepti,
973 3999 1184 4089 ciusdemfinr
1196 4024 1312 4077 natura
1326 4022 1425 4101 arque
1444 4010 1467 4075 ii
1487 4005 1537 4075 li·-

175 4126 301 4201 quotes
313 4106 370 4196 qui
385 4107 466 4197 ignis
480 4101 587 4170 calore
598 4098 780 4171 eliciuntur.
813 4101 914 4192 Aquu
940 4097 1076 4167 ardentis
1095 4103 1170 4168 ¹vini
1193 4098 1270 4171 duas
1297 4105 1406 4171 uncias
1429 4107 1535 4196 parvm

176 4222 302 4287 retorto
312 4196 476 4296 impositas
491 4212 566 4266 cum
578 4196 728 4290 excipuln
747 4194 901 4265 machino
913 4199 1121 4292 pneumatica
1137 4201 1277 4293 aptavit,
1293 4194 1394 4295 globo
1418 4201 1534 4286 vitreo,
1558 4219 1562 4226 ·

178 4297 283 4391 vulgh
301 4298 329 4360 ir
344 4295 470 4378 Bolon,
500 4287 747 4387 circumpofito,
758 4300 791 4363 dr
804 4295 877 4362 a'o‘ro
892 4291 1073 4376 exinanito,
1097 4312 1198 4386 vapor
1216 4316 1306 4387 aquae
1318 4292 1455 4362 ardentis
1473 4292 1534 4360 star

176 4398 243 4468 tim
260 4390 458 4463 sublatur-ad
479 4388 639 4459 summm
660 4400 786 4458 ratutrae·
808 4401 932 4486 purtem
962 4390 996 4454 in
1018 4387 1199 4486 excipuluiu
1225 4387 1390 4465 stillavit,
1417 4386 1536 4458 eodum

189 4482 191 4487 ¹
208 4488 316 4559 torsus
333 4491 434 4558 modo
449 4544 457 4571 ,
470 4502 536 4582 quu
558 4481 807 4567 sulet5ubiletris
826 4489 909 4582 ignia
922 4479 1010 4552 calur
1027 4481 1216 4552 adituum-
1241 4488 1358 4555 'l‘riunr
1380 4482 1535 4553 horarunr

179 4508 287 4684 lpatio
306 4585 375 4684 post
392 4581 577 4654 exhaustum
598 4577 729 4648 eolobo
740 4583 812 4648 a'c'ra
830 4602 968 4675 quatuor
980 4574 1045 4646 fere
1055 4577 1211 4675 drachmae
1223 4585 1257 4650 in
1273 4575 1533 4675 excipulurnslih

179 4685 312 4768 lave-ro,
332 4683 397 4752 und
415 4679 509 4749 uncidt
525 4638 862 4744 orn-sduudtdrma
885 4692 988 4769 uqnae.
1003 4674 1142 4742 arde-ruit
1165 4677 1197 4744 ih
1215 4675 1334 4745 retortu
1350 4669 1532 4770 hiperlllte:

177 4784 441 4851 auteur-ouum
456 4772 679 4847 druthmrrun
693 4764 1045 4856 cunasenrduoioa,
1063 4763 1126 4853 sur-
1137 4774 1262 4933 qoiuup
1269 4765 1451 4881 &remitit
1470 4767 1536 4841 us·-

1265 4887 1298 4934 ιι
1320 4889 1354 4959 up
