3646 5430
413 347 460 470 ,φ’
729 371 974 453 ‚naara
1017 364 1526 441 scientiarum-

286 481 350 551 Αιι
363 503 399 551 ιι.
415 481 463 547 nia
477 483 510 547 dt
527 491 659 570 receptae
681 465 843 566 opinionis
856 463 991 537 allatum
1010 464 1116 536 fuerat
1138 467 1273 535 retinam
1290 486 1355 532 non
1370 459 1547 559 pellucere,
1563 478 1671 556 neque
1692 457 1778 536 adet

284 587 377 662 1669.
415 574 519 645 radios
531 565 667 645 ,luminis
682 588 738 662 per
753 587 824 635 earn
837 562 878 632 ad
895 559 1085 632 choro'idem
1100 558 1212 631 deduci
1232 556 1340 656 poll'e3
1357 582 1433 627 nam
1445 552 1531 624 oculi
1547 552 1641 628 bovis
1659 581 1778 630 recen·

416 672 455 738 tis
469 661 635 736 scleroticd
656 656 777 734 sublata
794 656 903 728 lumen
918 681 985 726 non
1003 678 1146 752 penetrat
1162 660 1308 727 retinam.
1339 659 1425 752 Ergo
1442 650 1508 722 haec
1526 657 1636 722 eunica
1648 655 1777 728 viderur

414 765 526 865 potius
540 752 669 828 villonis
687 778 844 852 organum
860 809 870 837 ,
888 777 956 822 non
969 751 1152 824 choroi'des.

460 858 497 929 ld
511 850 707 948 consequens
719 844 779 920 effe
794 845 931 947 negabat
946 855 990 923 D.
1007 851 1163 918 Marione
1177 868 1252 918 cum
1273 870 1426 944 magnum
1449 843 1487 916 fir
1504 839 1674 919 discrimen
1692 852 1777 920 inter

411 948 558 1026 animalis
577 951 696 1019 mortui
709 949 845 1017 retinam
861 948 927 1013 a‘c'ri
938 941 1113 1040 expositam
1127 951 1159 1013 de
1177 965 1333 1036 eamque
1358 946 1389 1009 in
1416 948 1493 1012 vivo
1511 945 1679 1014 animante
1691 947 1777 1017 inrer

412 1051 552 1121 vitreum
573 1042 745 1112 humorem
760 1049 792 1112 δι
813 1038 1002 1111 choro'idem
1027 1039 1175 1108 accurati·
1200 1037 1411 1110 concluditur.
1453 1041 1579 1108 Rerum
1603 1039 1776 1134 qualitates

413 1141 512 1240 paulo
534 1162 704 1209 momento
717 1139 881 1207 immutari
896 1132 1025 1221 aiebat,
1047 1157 1200 1203 corneam
1216 1138 1359 1203 tunicam
1380 1158 1450 1228 quae
1472 1133 1634 1225 pellucet,
1652 1138 1687 1205 in
1701 1142 1776 1208 a'e're

415 1235 522 1320 calido
546 1233 633 1306 brevi
655 1256 802 1331 tempore
819 1256 956 1328 opacam
979 1225 1059 1303 fieri.
1093 1233 1182 1325 Qin
1196 1233 1295 1298 etiam
1313 1231 1345 1296 in
1360 1228 1457 1298 oculo
1472 1228 1566 1298 bovis
1591 1227 1698 1311 adhuc
1718 1256 1775 1301 ca.

414 1326 502 1412 lente
527 1338 561 1404 δι
583 1329 709 1400 induas
731 1349 835 1425 partes
859 1321 969 1413 secto,
988 1326 1070 1396 adeo
1086 1349 1121 1396 ut
1136 1330 1238 1394 retina
1253 1327 1391 1396 vitreum
1408 1322 1579 1397 humorem
1594 1324 1704 1397 adhuc
1725 1331 1774 1397 in.

415 1424 546 1515 volvat,
560 1448 631 1497 tum
646 1429 725 1494 varii
740 1421 863 1492 colores
877 1418 1041 1489 choro'idis
1053 1475 1064 1506 ,
1077 1416 1154 1489 baso
1168 1421 1281 1490 itidem
1292 1425 1379 1488 nervi
1395 1424 1519 1516 optici,
1547 1418 1619 1491 vasa
1633 1444 1673 1491 ex
1687 1447 1729 1493 eo
1741 1428 1773 1492 in

416 1525 552 1599 retinam
568 1516 694 1620 sparsa,
715 1517 758 1589 fic
771 1520 805 1587 in
820 1513 1029 1615 conspedlum
1041 1519 1196 1604 veniunt,
1209 1535 1245 1584 ut
1257 1510 1432 1585 retiformis
1447 1521 1556 1589 tunica
1573 1522 1625 1590 vix
1636 1514 1773 1589 discerni

445 1639 529 1691 ucat.

379 1717 384 1736 ’
419 1641 443 1712 q
466 1717 540 1785 Nec
555 1712 722 1812 propterea
735 1735 844 1789 tamen
866 1731 999 1778 omnem
1011 1705 1191 1780 albedinem
1206 1712 1312 1778 retinae
1325 1707 1499 1778 detractam
1513 1706 1643 1780 volebat
1660 1764 1670 1793 ,
1695 1735 1775 1806 prae⁴

413 1803 523 1881 sertim
535 1816 567 1881 ιιι
585 1833 622 1879 ea
649 1831 738 1906 parte
753 1832 817 1905 qua
828 1809 932 1901 tangit
945 1803 1135 1876 choroidem
1156 1832 1165 1874 ι
1184 1804 1282 1898 idque
1306 1805 1455 1875 duatura
1477 1802 1642 1902 provisum
1654 1805 1774 1893 aiebat,

415 1927 452 1976 ut
465 1910 602 1976 nimium
613 1907 784 2000 uegetioris
804 1901 935 1972 luminis
959 1894 1159 1997 splendorem
1185 1922 1366 1995 temperet,
1389 1900 1662 1994 quemadmodum
1689 1909 1774 1974 cutis

412 2002 610 2100 ¹epidermide
625 1997 794 2070 obducitur
807 2055 817 2084 ‚
830 2020 871 2066 ne
888 1992 1047 2065 laedatura
1068 1992 1341 2093 corporibus‘qnae
1352 1998 1465 2091 tangit.

412 2167 418 2177 ,
471 2102 531 2169 111.
557 2100 693 2193 Qin&
707 2098 820 2163 ratioa
836 2095 879 2164 D.
900 2095 1041 2186 l'ecquet
1058 2088 1220 2188 proposita
1236 2094 1382 2188 perparvi
1401 2089 1463 2161 effe
1486 2099 1646 2166 momenti
1668 2098 1771 2174 eidem

414 2189 582 2262 videbatur
597 2246 607 2277 ,
623 2214 700 2259 curn
720 2184 898 2282 subtiliores
920 2209 1023 2284 partes
1035 2192 1069 2257 in
1091 2193 1191 2257 retina
1212 2193 1333 2258 mortui
1353 2188 1499 2275 animalia
1519 2186 1669 2278 difflatae,
1694 2219 1772 2290 opa.

417 2288 550 2358 citatem
567 2282 728 2382 quandam
743 2285 923 2368 inducant,
943 2278 1012 2351 fere
1037 2306 1072 2353 ut
1091 2280 1199 2355 charta
1218 2281 1350 2354 madens
1373 2280 1510 2381 pelluoet
1531 2339 1541 2370 ,
1564 2282 1718 2359 exsiccata
1737 2288 1772 2363 fit

418 2386 564 2480 opacior.
587 2385 642 2452 Sic
658 2380 815 2453 inmultis
828 2375 1041 2449 animantibus
1054 2382 1087 2447 ιιι
1102 2378 1209 2465 medio
1225 2378 1395 2474 crystallini
1406 2377 1548 2450 humoris
1558 2380 1689 2454 nucleus
1701 2384 1802 2480 qui)

415 2468 493 2550 'dam
506 2478 550 2548 est
564 2474 738 2577 pellucidus
752 2479 809 2570 qui
822 2479 904 2545 intra
915 2495 1033 2570 paucos
1043 2475 1109 2544 dies
1120 2472 1209 2553 albus
1221 2469 1255 2542 fir
1269 2482 1302 2545 δι
1313 2480 1632 2572 opacus,etiamintra
1642 2481 1773 2552 oculum

414 2568 605 2658 conclusus,
621 2595 696 2642 cum
708 2595 818 2642 tamen
831 2573 968 2640 exterior
986 2567 1182 2667 crystallinus
1195 2568 1298 2639 adhuc
1310 2570 1469 2666 pellpceat
1530 2632 1534 2641 .

467 2674 525 2743 Ν.
550 2672 595 2740 At
609 2671 698 2741 enim
709 2671 810 2739 retina
823 2689 913 2760 aquae
929 2659 1076 2734 immersa
1086 2661 1265 2735 albedinem
1277 2661 1366 2737 suam
1378 2676 1410 2739 de
1426 2671 1620 2762 opacitatem
1632 2675 1772 2744 nativam

415 2763 538 2868 prodit.
570 2761 693 2846 Itaest,
712 2757 763 2831 sed
776 2763 868 2856 vitrei
882 2757 1028 2828 humoris
1041 2764 1172 2857 partein
1185 2755 1255 2829 vase
1275 2763 1425 2834 immersi
1444 2818 1454 2847 ‚
1479 2769 1583 2834 runica
1601 2765 1772 2861 hyaloides

389 2904 407 2924 2
417 2883 491 2956 quae
506 2861 642 2928 omnino
655 2858 699 2929 est
713 2853 870 2955 diaphana
883 2857 977 2927 instar
989 2852 1058 2924 telae
1068 2879 1187 2925 araneae
1198 2910 1208 2940 ,
1218 2855 1288 2927 alba
1304 2882 1438 2954 quoque
1448 2856 1612 2934 videbitur.
1631 2864 1725 2957 Qrin
1738 2872 1772 2937 &

419 2953 617 3050 crystallinus
627 2959 661 3024 in
674 2977 757 3051 aqua
773 2955 968 3064 opacitatem
970 2951 1139 3117 1quandam
1153 2951 1332 3040 contrahit,
1348 2963 1381 3027 de
1394 2952 1574 3050 congelatus
1584 2958 1680 3027 instar
1693 2964 1774 3032 nivis

420 3049 578 3122 candicat.
612 3054 695 3124 Non
715 3053 858 3121 mirumr
884 3053 947 3118 itur

419 3142 566 3216 nonnihil
580 3145 733 3216 albedinis
750 3169 813 3242 prae
827 3075 966 3219 fegleran

465 3248 508 3314 V.
544 3238 770 3332 Quamobrem
800 3262 836 3311 ut
863 3240 985 3336 liquere
1009 3241 1102 3342 polllt
1133 3268 1173 3312 an
1206 3246 1282 3316 radii
1311 3244 1442 3314 luminis
1476 3245 1559 3342 pene
1597 3250 1712 3345 integri
1733 3247 1771 3317 ad

420 3334 613 3408 eboroi'dem
632 3327 846 3436 perveniant,
872 3361 914 3406 an
935 3344 1043 3433 potius
1060 3345 1092 3410 in
1116 3345 1218 3411 retina
1247 3337 1313 3439 ipsa
1342 3338 1513 3426 fistanrur,
1545 3365 1682 3439 ueraque
1702 3365 1771 3414 ιιιιιι

420 3432 590 3504 choro'ides
604 3489 614 3519 ,
626 3457 696 3505 turn
715 3437 816 3504 retina
836 3439 871 3505 in
893 3433 973 3502 statu
987 3431 1044 3505 suo
1056 3435 1192 3507 naturali
1206 3435 1374 3536 spectanda
1392 3437 1447 3512 est.
1486 3441 1688 3536 Experientia
1709 3444 1720 3508 i
1745 3437 1773 3508 sa

418 3533 556 3601 retinam
570 3528 725 3601 tralucere
741 3534 1001 3629 comperiemus,
1024 3529 1044 3600 fi
1061 3528 1189 3602 candela
1204 3533 1333 3604 accensa
1353 3534 1393 3602 de
1419 3536 1516 3603 nodie
1537 3559 1639 3632 prope
1661 3463 1774 3604 oculos

419 3624 619 3712 collocetur,
639 3625 736 3723 idque
752 3622 905 3697 faciamus
924 3646 960 3695 ut
980 3632 1065 3698 canis
1089 3629 1166 3698 octo
1190 3651 1246 3698 aut
1264 3629 1376 3699 decem
1396 3627 1530 3727 paffibus
1552 3654 1696 3701 remotus
1718 3653 1774 3700 nos

418 3719 572 3814 aspiciat,
589 3742 659 3792 tum
671 3727 760 3793 enim
776 3723 889 3805 lumen
909 3727 944 3791 in
970 3722 1055 3794 illius
1074 3722 1174 3793 oculis
1192 3721 1392 3822 splendidum
1417 3722 1613 3795 intuebimur
1641 3733 1660 3795 ἑ
1684 3729 1774 3797 radiir

421 3813 580 3886 reflexisa
600 3817 755 3887 eboroide
778 3821 863 3886 canis
888 3814 1028 3889 multum
1052 3819 1182 3889 candida
1196 3831 1229 3891 dr
1243 3816 1415 3921 splendida.
1451 3817 1577 3891 Namfi
1600 3820 1773 3921 aicryllal·

422 3904 514 3985 lino,
535 3935 590 4002 ¹aut
611 3915 710 3981 retina
727 3909 867 4008 prodiret
877 3935 1029 4006 vegetum
1052 3915 1130 3985 illud
1148 3915 1284 4005 lumen,
1306 3918 1393 3986 idem
1413 3923 1553 3990 eveniret
1577 3921 1611 3986 ιιι
1640 3917 1775 3992 homine

424 4011 459 4074 dc
475 4003 610 4093 avibus,
632 4003 749 4100 quibus
769 4003 939 4077 choro'ides
951 4030 1018 4079 atra
1032 4010 1075 4080 est
1099 4038 1108 4081 :
1132 4007 1267 4082 sednon
1287 4014 1331 4084 est
1350 4018 1405 4087 ita.
1450 4013 1485 4083 ld
1504 4039 1582 4086 vero
1602 4018 1647 4084 ita
1666 4023 1775 4085 evenit

420 4102 456 4172 in
470 4125 549 4172 cane
567 4102 656 4197 quod
683 4101 761 4171 radii
783 4101 911 4173 luminis
934 4127 991 4199 per
1013 4105 1229 4201 crystallinum
1252 4111 1376 4188 traiecli
1399 4114 1432 4178 in
1454 4107 1608 4181 choroide
1629 4109 1718 4180 velut
1742 4116 1777 4181 ιιι

422 4195 503 4269 foco
517 4196 731 4362 colliqantur,
753 4201 841 4293 iique
859 4193 903 4267 src
916 4195 1052 4272 resiliant
1064 4224 1099 4272 ut
1111 4201 1205 4272 focus
1226 4211 1408 4303 reciprocus
1429 4201 1465 4276 su
1481 4211 1515 4276 in
1542 4200 1671 4277 accensa
1692 4230 1779 4276 can-

420 4292 502 4365 dela.
534 4296 591 4365 Un
615 4290 756 4364 eoculus
772 4292 846 4363 huic
868 4298 1006 4366 vicinior
1024 4298 1240 4394 crystallinum
1259 4305 1345 4371 canis
1358 4299 1531 4373 humorem
1543 4301 1716 4373 admodum
1733 4300 1779 4370 il-

419 4384 614 4461 luminatum
626 4393 741 4458 intueri
751 4387 873 4478 debet,
898 4397 946 4464 ιιιι
966 4395 1000 4463 in
1021 4398 1129 4492 optica
1142 4393 1387 4469 demonstratur.
1410 4400 1513 4495 quue
1523 4400 1658 4494 experiri
1678 4394 1778 4470 facile

420 4485 465 4555 est
488 4481 509 4554 fi
530 4484 636 4584 phiala
650 4489 747 4555 vitrea
763 4494 796 4557 &
816 4488 952 4556 rotunda
973 4512 1058 4585 aqua
1080 4514 1159 4588 pura
1177 4492 1348 4589 impleatur
1362 4550 1372 4579 ‚
1387 4516 1491 4590 eaque
1503 4496 1582 4566 odio
1594 4517 1648 4565 aur
1664 4494 1778 4567 decern

419 4580 559 4681 pallrbus
580 4581 622 4655 ab
634 4577 762 4653 accensa
781 4577 852 4651 face
866 4606 1093 4672 removeatur,
1117 4608 1188 4657 turn
1210 4611 1296 4657 retro
1323 4591 1465 4688 phialam
1490 4592 1529 4661 ad
1553 4588 1781 4664 semidiametri

421 4680 482 4752 suae
499 4681 679 4752 distantiam
702 4675 847 4747 chartam
863 4679 1031 4750 candidam
1050 4686 1244 4776 admoveas,
1260 4687 1293 4754 in
1312 4710 1378 4780 qua
1400 4686 1452 4756 lux
1475 4711 1548 4782 quae
1570 4685 1714 4785 phialam
1730 4713 1782 4788 pe

422 4783 581 4865 netravie,
604 4797 760 4874 tanquam
779 4777 816 4860 iu
836 4771 917 4857 foco
946 4775 1110 4875 colligitur
1134 4787 1360 4883 arum—enim
1387 4779 1499 4877 οειιιιιΙ
1528 4784 1634 4884 prope
1670 4782 1778 4886 facem

983 3073 994 3115 r
1019 3050 1121 3117 retina
1138 3069 1211 3119 aute
1226 3053 1291 3119 a'c'ri
1315 3045 1457 3149 exposrta
1475 3057 1508 3122 δι
1526 3075 1616 3150 aquae
1631 3053 1776 3126 immersa
