3646 5430
364 347 367 351 ’
418 339 462 409 'ie'
715 327 915 403 REGlAE
981 321 1438 401 SCIENTIARUM

290 443 405 515 Anu.
418 455 493 501 earn
509 422 961 521 transfusionisoperationem
973 426 1066 522 aequd
1078 446 1192 523 vegeta
1206 424 1325 511 videri,
1346 421 1403 495 nisi
1427 421 1514 497 sorte
1534 448 1605 525 quae
1625 426 1779 505 uberiore

286 545 378 623 1667·
416 525 622 599 abundabant
637 520 809 618 sanguim,
823 542 878 592 arra
891 527 958 615 ejus
974 545 1145 621 perparum
1158 516 1324 593 admisere.
1369 523 1420 591 Ac
1435 515 1566 594 subinde
1583 520 1650 594 fieri
1668 533 1778 623 poruic

417 645 453 693 ut
465 619 591 719 sanguis
607 625 640 692 in
654 615 798 717 syphone
812 614 882 715 ipso
893 640 1063 689 concretus
1077 617 1206 689 alterius
1222 641 1338 688 venam
1360 641 1428 688 non
1447 613 1575 691 subierit
1600 676 1611 708 ,
1635 645 1710 693 cum
1734 648 1778 697 ex

414 718 569 815 operandi
583 722 707 788 ratione
720 739 819 812 quarn
836 712 1047 813 vulgaverunt
1059 710 1278 788 transsufionis
1288 717 1418 813 patroni
1430 770 1440 799 ‚
1451 715 1583 809 judicari
1590 742 1656 787 non
1668 727 1780 816 potuit

415 835 573 908 quantum
586 810 746 913 sanguinis
761 835 800 883 ex
814 835 882 882 uno
895 809 1027 882 anirrrali
1039 815 1073 882 in
1086 809 1173 883 aliud
1184 816 1387 884 commeant.
1411 815 1457 882 Ex
1475 803 1684 883 suffocatione
1696 823 1779 913 qui-

413 909 490 980 dem
505 909 645 983 multum
664 909 822 1010 sanguinis
834 934 872 981 ex
885 910 978 982 unius
992 914 1106 984 arteria
1123 911 1157 980 in
1171 933 1287 981 venam
1301 908 1430 980 alterius
1454 902 1666 979 transmissum
1682 910 1778 986 fuisse

413 1002 513 1078 sacili
524 1011 713 1105 conjicimus
727 1035 736 1080 ι
749 1004 803 1079 sed
815 1005 873 1080 ubi
886 1033 1001 1110 parurn
1013 1007 1156 1097 effluxit,
1170 1033 1245 1082 cunr
1258 1003 1355 1078 massa
1366 998 1525 1102 sanguinis
1534 1007 1690 1080 confundi
1707 1037 1779 1108 poa,

412 1104 501 1190 tuit,
522 1105 603 1177 adeo
616 1130 651 1178 ut
663 1104 744 1178 nihil
758 1130 813 1178 aut
825 1132 938 1205 parum
953 1111 1141 1179 nocumenti
1151 1105 1283 1178 animali
1295 1104 1448 1176 intulerit.

466 1207 511 1273 V.
536 1208 605 1301 Qi
620 1226 734 1275 contra
746 1200 920 1274 sentiebam
931 1258 942 1290 ,
955 1201 1057 1273 multa
1075 1203 1304 1298 opponebant:
1322 1195 1469 1297 primdm
1488 1225 1609 1298 magno
1626 1223 1778 1283 naturam

413 1293 613 1372 debilitatam
631 1324 727 1374 onere
738 1295 897 1383 levari,sr
937 1303 1023 1368 rimae
1037 1306 1071 1370 δι
1083 1294 1226 1367 secunda
1245 1299 1389 1368 cottioni
1402 1320 1515 1367 vacare
1535 1322 1603 1368 non
1626 1324 1776 1396 cogatur,

411 1391 493 1461 duni
514 1395 602 1467 calor
621 1406 655 1470 dc
673 1392 797 1493 spiritus
812 1391 874 1463 alia
888 1324 1010 1464 obeunt
1029 1415 1161 1464 munera
1174 1397 1246 1462 vitae
1264 1387 1458 1479 necessaria,
1472 1415 1578 1488 neque
1593 1398 1626 1463 in
1642 1397 1773 1468 cossio-

412 1512 456 1559 ne
470 1490 701 1564 alimentorum
725 1485 933 1564 absumuntur
951 1525 960 1581 3
980 1487 1045 1559 hoc
1063 1487 1171 1560 saltem
1197 1487 1313 1560 habere
1334 1489 1502 1558 commodi
1519 1513 1591 1558 eam
1615 1486 1778 1587 sanguinis

412 1586 661 1659 transfusionem
677 1584 840 1660 uteffoero
853 1595 888 1659 δι
907 1610 986 1684 pene
1008 1609 1163 1684 corrupto
1174 1586 1320 1684 sanguini
1340 1582 1419 1655 alius
1438 1592 1472 1657 δι
1494 1609 1615 1682 purus,
1638 1594 1671 1656 &
1691 1584 1777 1661 bene

331 1756 336 1767 ¹
410 1678 593 1755 elaboratur
613 1679 822 1756 substituatur·
861 1687 983 1779 Neque
1003 1706 1116 1754 natura
1140 1678 1227 1781 ipsa,
1249 1708 1320 1778 quae
1335 1676 1459 1777 semper
1479 1682 1519 1750 ad
1536 1681 1775 1777 perfessionem

321 1772 338 1793 '⁶
412 1781 604 1870 contendit,
620 1804 689 1853 tam
707 1803 931 1878 opportunum
953 1777 1130 1874 presidium
1141 1774 1376 1874 aspernabitur,
1387 1777 1663 1872 quemadmodum
1676 1780 1709 1846 in
1722 1805 1779 1850 ar.

338 1867 343 1878 ’
412 1867 500 1944 boris
513 1873 713 1948 insitionibus
722 1880 881 1946 cernimus
890 1871 1249 1968 agrestem&acerbum
1261 1866 1694 1943 succuminsurculoinserto
1710 1876 1777 1945 do-

413 1976 496 2041 mari
510 1979 545 2046 dc
561 1972 693 2070 perfici,
712 1970 825 2066 quidni
836 1965 1069 2040 inanimalibus
1081 1968 1168 2038 idem
1188 1965 1256 2037 fieri
1277 1973 1416 2065 poterit?
1437 1968 1536 2067 Qud
1557 1972 1670 2064 utique
1686 1997 1773 2043 con-

412 2064 536 2137 firmari
550 2068 653 2166 potest
666 2072 761 2138 variis
775 2069 998 2162 experimentis
1015 2089 1086 2160 quae
1100 2068 1135 2133 in
1152 2063 1243 2134 italia
1256 2062 1344 2134 sassa
1365 2062 1546 2134 reseruntur
1561 2119 1572 2148 ‚
1593 2089 1668 2136 cuni
1690 2075 1773 2165 parti

413 2169 561 2258 corporis
576 2160 729 2233 mutilata
739 2160 801 2232 alia
811 2185 918 2230 recens
933 2160 1034 2230 excisa
1049 2170 1083 2233 dc
1092 2160 1196 2230 adhuc
1208 2164 1282 2229 viva
1295 2159 1412 2230 inserta
1425 2161 1481 2249 est,
1493 2185 1564 2256 quae
1575 2184 1772 2239 tamencum

412 2255 471 2326 illa
484 2258 617 2334 coaluit.
643 2259 811 2333 Addamue
823 2261 856 2327 in
867 2256 987 2354 Anglia
998 2264 1032 2327 dc
1042 2257 1111 2326 aliis
1118 2261 1151 2327 in
1165 2256 1244 2328 locis
1256 2252 1442 2354 sanguinem
1455 2279 1545 2327 tanta
1557 2262 1650 2354 copia
1665 2263 1772 2332 &cane

411 2351 584 2442 edussum,
608 2363 641 2429 δι
654 2359 688 2425 in
700 2355 800 2426 aliurn
812 2348 1005 2424 transfusum
1025 2357 1078 2424 cui
1104 2357 1252 2449 proprius
1269 2377 1364 2423 cruor
1378 2377 1459 2450 pene
1474 2359 1580 2422 omnis
1604 2355 1773 2455 ademptus

411 2444 538 2536 suerat,
552 2473 589 2520 ut
604 2454 710 2548 priore
725 2450 869 2520 unsrun
883 2449 1081 2544 posterior&
1090 2451 1256 2545 vegetior,
1271 2458 1305 2521 &
1318 2447 1476 2518 robustior
1489 2446 1572 2520 visus
1588 2447 1693 2524 fuerit.

463 2550 531 2619 vl.
570 2551 634 2619 His
651 2555 686 2621 δι
701 2543 770 2617 aliia
791 2542 966 2641 reponebat
980 2569 1033 2614 ma
1058 2569 1102 2614 no
1116 2547 1164 2613 vir
1189 2548 1340 2641 ingenio,
1361 2568 1400 2613 ex
1422 2543 1622 2618 insitione&
1637 2565 1774 2645 vegetas

411 2643 503 2712 tione
523 2640 708 2740 plantarum
724 2640 803 2710 nihil
815 2635 902 2735 posse
913 2570 1063 2708 concludi
1074 2645 1109 2709 in
1122 2644 1258 2735 gratiam
1273 2638 1491 2711 transfusionis
1520 2699 1531 2729 ,
1557 2669 1631 2713 rum
1650 2650 1773 2718 anima·

412 2736 493 2808 lium
510 2741 645 2808 nutritio
659 2740 681 2808 d
695 2737 898 2833 vegetatione
912 2732 1094 2832 plantarum
1106 2732 1236 2804 tanttlm
1253 2736 1364 2824 distet,
1413 2759 1547 2807 uantum
1569 2765 1770 2834 organorum

411 2840 630 2928 apparatus&
646 2833 896 2904 stnrduraiuter
916 2827 948 2898 se
961 2827 1125 2905 differunt.
1148 2835 1320 2929 vegetatio
1334 2761 1465 2929 quidem
1478 2856 1533 2904 aut
1545 2838 1677 2906 nutritio
1692 2843 1779 2909 uni-‘

412 2925 528 2998 vetsrui
549 2925 688 3025 spesbata
701 2923 843 3024 utrisque
856 2930 1038 2998 communis
1050 2928 1115 3014 esi,
1128 2922 1180 2995 sed
1196 2929 1312 2997 modus
1327 2928 1392 3026 ipse
1408 2953 1529 3022 quota
1543 2929 1579 3002 fit
1595 2987 1605 3016 ,
1632 2933 1677 3002 est
1698 2933 1770 3030 pla.

412 3023 456 3094 ud
477 3022 658 3113 dissimilis5
679 3049 746 3096 non
761 3023 896 3094 eandem
910 3018 1038 3093 adhibet
1051 3046 1163 3093 natura
1184 3048 1295 3093 curam
1318 3035 1351 3098 δι
1375 3024 1572 3122 diligentiam
1593 3033 1626 3097 in
1649 3028 1771 3127 plantis

411 3121 587 3191 nutriendis
599 3176 611 3206 ,
625 3147 727 3219 quarn
735 3125 770 3190 in
779 3116 982 3193 animalibus.
1010 3124 1048 3189 In
1067 3119 1117 3189 liis
1130 3119 1241 3188 eadem
1255 3119 1377 3219 semper
1388 3129 1421 3192 δι
1436 3127 1558 3221 optima
1568 3127 1771 3222 progreditur

409 3217 484 3304 via3
498 3241 560 3287 una
569 3216 613 3288 est
625 3221 713 3288 enirn
727 3213 882 3314 operandi
902 3218 984 3285 ratio
999 3271 1009 3301 ,
1023 3240 1098 3285 cum
1112 3216 1155 3284 est
1170 3221 1303 3311 optima.
1342 3223 1424 3290 Non
1434 3221 1544 3289 eadem
1561 3222 1605 3289 est
1625 3226 1657 3291 iu
1673 3220 1769 3319 plan-

409 3316 451 3381 tis
470 3317 573 3402 ratio,
588 3319 629 3398 ,in
642 3311 760 3409 quibus
771 3311 863 3381 radix
876 3336 947 3407 quae
968 3316 1032 3382 oris
1051 3335 1106 3384 aut
1125 3311 1317 3402 ventriculi,
1335 3336 1391 3384 aut
1408 3317 1511 3384 cordis
1533 3312 1620 3386 forti
1651 3341 1768 3387 munus

409 3407 502 3498 abit,
517 3411 641 3482 nonest
657 3410 817 3481 strnslturae
832 3406 911 3478 adeo
930 3403 1109 3503 exquisite,
1127 3431 1161 3475 ur
1200 3432 1281 3477 artes
1300 3411 1369 3480 aliae
1390 3436 1423 3482 v.
1437 3437 1486 3508 gr.
1513 3435 1622 3483 cortex
1644 3473 1654 3501 ,
1674 3436 1768 3484 trun-

406 3527 481 3593 cus,
500 3531 555 3580 aut
570 3509 651 3577 rami
663 3505 778 3574 codem
793 3527 923 3573 munere
936 3501 1028 3600 fungi
1045 3529 1111 3574 non
1130 3432 1257 3597 possint.
1290 3509 1380 3578 Nam
1406 3531 1515 3577 cortex
1543 3533 1616 3577 rore
1635 3510 1768 3580 madens

408 3598 552 3695 plantam
568 3603 645 3691 alit,
665 3609 699 3677 δι
711 3601 873 3672 interdum
888 3602 1011 3671 radices
1023 3603 1164 3687 emittit,
1184 3622 1220 3668 ut
1237 3624 1312 3672 cum
1327 3628 1433 3673 ramus
1448 3600 1510 3675 vasi
1530 3626 1612 3676 terra
1630 3603 1767 3704 oppleto

407 3699 623 3777 concluditur,

457 3800 535 3866 Vll.
563 3798 675 3893 Longi·
694 3796 758 3866 alia
772 3795 817 3864 est
834 3799 918 3863 ratio
933 3794 1147 3881 animalium,
1168 3819 1310 3892 quotum
1330 3799 1465 3866 nutritio
1484 3822 1550 3868 non
1574 3793 1767 3893 perficitur‚·

408 3886 467 3956 nisi
480 3889 580 3960 adsint
595 3895 706 3977 omnia
728 3915 799 3985 quae
824 3910 937 3959 natura
962 3888 1042 3961 solct
1054 3892 1225 3962 adhibere:
1251 3892 1332 3961 adeo
1352 3914 1387 3960 ut
1406 3899 1514 3987 prirnoe
1530 3897 1718 3981 cessiones,
1740 3896 1763 3965 si

330 4053 336 4067 ,
409 3979 496 4057 sorti
510 3985 682 4062 defecerint
696 4044 705 4072 ,
721 4011 792 4082 quae
809 3984 983 4080 sequuntur
996 4043 1006 4070 ,
1020 3987 1148 4058 illarum
1160 3987 1325 4058 defessum
1340 3984 1452 4058 sarcire
1471 4016 1538 4060 non
1551 3991 1701 4075 valeant,
1724 4016 1765 4062 ac

433 4083 519 4151 rimae
532 4082 713 4180 digestionis
724 4107 814 4152 error
827 4083 867 4152 ad
879 4081 1016 4177 reliquas
1030 4107 1207 4182 permanet.
1239 4091 1347 4180 Atque
1359 4108 1395 4154 ut
1409 4087 1515 4182 palatii
1527 4083 1765 4156 substrudtioex

408 4102 567 4273 lapidibus
584 4179 658 4276 apti:
677 4175 876 4278 dispositis&
894 4180 1054 4275 quadratis
1071 4179 1138 4253 fieri
1154 4180 1248 4252 debet
1269 4240 1280 4270 ,
1301 4205 1376 4251 cunr
1390 4187 1554 4279 tugurium
1567 4207 1622 4252 aur
1638 4176 1709 4250 casa·
1721 4206 1764 4251 ex

408 4270 514 4345 obviis
527 4272 681 4370 quibusve
696 4275 877 4373 lapidibus,
903 4300 959 4346 aut
974 4303 1013 4347 tx
1034 4279 1160 4350 alterius
1179 4274 1382 4349 domuncula
1410 4277 1573 4350 ruderibus
1596 4278 1764 4358 astruatur,

396 4375 462 4444 'Sic
487 4396 590 4470 partes
610 4373 755 4443 animalis
779 4397 917 4470 quarum
940 4374 1094 4446 strussura
1107 4377 1151 4446 est
1162 4377 1339 4445 admodum
1354 4372 1532 4470 exquifita,
1549 4401 1587 4446 ex
1610 4371 1765 4467 sanguine

407 4469 635 4544 tantummodo
646 4471 680 4536 in
694 4474 831 4567 propriis
842 4475 970 4565 organis
981 4471 1146 4543 elaborato
1158 4473 1201 4541 ali
1215 4469 1341 4571 possunt
1355 4524 1366 4558 ,
1378 4495 1433 4542 aut
1446 4471 1589 4543 sornrari·
1623 4473 1697 4541 Nec
1708 4494 1764 4540 ca·

407 4575 455 4638 nis
465 4593 496 4638 v.
507 4591 555 4662 gr·
573 4590 667 4651 caro,
681 4565 797 4663 vulpis,
808 4569 877 4635 imo
889 4566 1083 4638 necalterius
1094 4574 1179 4638 canis
1193 4565 1344 4667 sanguiue
1358 4575 1496 4667 reparari
1511 4568 1631 4664 potest:
1646 4590 1765 4660 quern-

404 4665 582 4733 admodum
595 4660 703 4733 sarum
720 4660 762 4732 sic
775 4658 913 4733 excisum
927 4687 962 4734 ut
977 4661 1095 4742 fornici
1111 4688 1258 4767 aptetur,
1275 4669 1435 4739 riecrmun'
1454 4661 1690 4752 liburniam,
1701 4685 1764 4734 nec

403 4748 497 4835 alteri
508 4760 629 4836 fornici
642 4760 687 4834 ess
698 4762 994 4842 accommodatum.
