3646 5430
403 380 452 452 68'
623 389 632 401 ⁴
683 373 921 448 =R'liGI'rii
975 355 1448 442 scruNTlARUM
1622 456 1649 469 ‘a

275 480 339 551 Art
351 506 386 551 n.
405 474 600 574 papilionem
622 470 711 545 abiit.
756 475 845 543 Huic
860 471 925 539 duo
938 463 1025 538 oculi
1037 471 1211 551 micantes,
1233 465 1333 537 facies
1346 463 1486 533 hominis
1496 457 1623 540 vultum
1635 459 1763 538 menn]

275 577 363 647 16'68·
407 595 470 661 que
492 568 649 654 referens,
665 561 754 637 nasus
767 564 850 636 infra
863 565 997 648 oculos,
1012 569 1047 633 δι
1067 555 1143 631 naso
1163 587 1199 632 os
1220 559 1397 653 subjestum
1410 559 1509 646 inest,
1526 583 1601 628 cum
1616 560 1762 654 quadam

275 679 322 741 dt.
334 688 387 761 69.
407 664 509 761 specie
522 655 1285 763 oblongiorisbatbaequaeinmucronem'desmit.
1309 653 1378 725 nlae
1389 652 1517 744 breves,
1528 658 1764 746 ntidecoruua,

407 784 524 859 corpus
538 764 619 828 iners
634 765 667 828 δι
684 756 765 853 pene
784 754 965 829 immobile.
1490 813 1494 819 .

452 881 483 929 2.
521 853 628 925 Aliam
657 852 731 920 huic
758 848 891 921 similem
913 847 966 937 sed
990 845 1172 922 ctafflotem
1193 851 1228 919 ln
1246 847 1399 943 atriplicis
1414 871 1454 938 v.
1481 842 1765 922 l‘Arrochefuli'ss

405 954 450 1025 est
476 947 711 1047 contemplatus
732 982 742 1038 3
763 943 817 1016 fila
832 946 945 1019 itidem
974 969 1009 1018 ut
1035 950 1073 1016 in·
1094 948 1194 1043 priori
1215 939 1392 1040 disposta,
1424 937 1477 1013 sed
1504 938 1629 1014 colores
1654 945 1766 1019 minus

405 1045 570 1146 splendidi.
1112 1091 1116 1097 -
1552 1056 1554 1061 ⁴

456 1172 480 1233 3.
505 1147 544 1211 In
557 1141 664 1209 urtieae
677 1135 762 1210 foliis
780 1163 888 1211 erucas
907 1140 1063 1235 nigriores
1150 1141 1209 1210 &is
1231 1136 1311 1208 albis
1329 1135 1487 1206 dillinstas
1511 1139 1649 1212 invenit.
1688 1135 1764 1210 Ubi

406 1241 619 1309 mutationem
632 1234 810 1315 moliuntur
823 1291 834 1322 ,
846 1238 953 1305 urticae
969 1231 1052 1303 folio
1083 1242 1111 1302 e'
1123 1235 1321 1320 involvunt,
1345 1228 1524 1302 tenuissima
1537 1231 1602 1302 tela
1624 1227 1646 1301 s
1660 1238 1764 1307 atium

405 1356 545 1402 vacuum
560 1334 595 1400 in
608 1331 787 1402 convoluto
799 1330 881 1401 folio
894 1327 1083 1416 obducunt,
1106 1333 1140 1399 in
1157 1324 1348 1426 chrysalides
1361 1325 1486 1397 circulis
1496 1325 1588 1398 flavis
1627 1333 1632 1343 '
1662 1329 1766 1398 inuis

406 1423 584 1510 facessunt,
604 1433 638 1498 δι
658 1429 692 1496 in
710 1423 830 1497 muscas
854 1423 984 1494 tandem
1001 1420 1156 1521 oblongas
1168 1445 1357 1508 mutantur,
1374 1444 1513 1518 quatuor
1527 1419 1585 1492 alis
1596 1421 1766 1520 pellucidis

407 1523 572 1593 instructas
591 1547 600 1591 ε
625 1520 672 1589 hae
688 1519 779 1591 facto
792 1517 1021 1616 foramiue'per'
1034 1539 1128 1614 caput
1140 1514 1321 1614 chrysalidis
1333 1539 1519 1615 erumpunt.

465 1643 500 1704 4.
524 1622 563 1686 In
587 1619 695 1685 urticae
721 1639 854 1710 quoque
879 1610 967 1684 foliis
983 1613 1072 1683 aliud
1088 1619 1229 1684 occurrit
1244 1636 1338 1703 erute
1359 1636 1458 1709 genus
1481 1611 1592 1700 ,folia
1617 1620 1766 1689 circum·

407 1716 490 1806 jesia
508 1712 574 1782 haec
595 1708 747 1808 colligit,
765 1716 799 1780 in
821 1715 857 1780 iis
878 1705 910 1782 se
933 1709 1042 1778 condit
1057 1713 1091 1780 δι
1117 1708 1238 1778 tamdiu
1257 1731 1391 1794 manet,
1415 1709 1569 1805 quamdiu
1592 1713 1626 1780 in
1648 1716 1686 1782 iis
1700 1713 1763 1784 ali-

405 1830 556 1878 mentum
576 1804 653 1878 inest
674 1839 683 1893 3
705 1801 758 1874 fila
776 1809 895 1876 emittit
922 1801 1039 1898 quibus
1060 1801 1139 1873 folia
1157 1806 1192 1872 in
1215 1825 1315 1873 unum
1334 1802 1497 1901 colligav,
1522 1802 1577 1875 ubi
1599 1804 1765 1881 debiscunt

382 1909 388 1932 ¹
405 1901 486 1973 solia
505 1960 516 1988 ,
533 1903 637 1973 statim
652 1922 709 1996 per
723 1897 776 1970 fila
794 1905 890 1970 rimas
909 1897 1032 1996 opplet.
1068 1899 1142 1971 Post
1159 1901 1263 1995 nigras
1278 1897 1317 1968 dc
1333 1898 1449 1994 quibus
1470 1924 1550 1969 mox
1569 1901 1692 1973 dissum
1703 1904 1762 1992 cst,

334 2054 348 2078 ,N
406 1997 472 2080 hoc
486 2022 587 2068 eruca
606 2020 706 2093 genus
727 1991 891 2080 nascitur,
918 1993 1050 2063 freruea
1071 1994 1217 2066 habenda
1233 1995 1279 2064 eli
1301 2004 1312 2072 ’.
1341 2017 1410 2064 non
1430 2000 1569 2067 vermis:
1596 2020 1672 2071 nam
1689 1998 1763 2097 pilis

406 2092 598 2164 destituitur.
619 2095 683 2161 Die
696 2092 853 2186 26.Junii
870 2083 938 2165 'sese
956 2093 1040 2160 intra
1056 2088 1136 2161 folia
1149 2086 1243 2159 solito
1261 2093 1438 2165 accuratius
1451 2092 1617 2181 condidit;
1634 2097 1764 2166 adeout

408 2185 532 2259 nullam
545 2185 737 2281 relinqueret
750 2192 889 2271 rimam,
911 2183 1046 2275 figuram
1067 2210 1187 2255 novam
1206 2186 1330 2271 induit,
1350 2182 1445 2254 nullis
1473 2191 1594 2258 exuviis
1623 2190 1756 2277 relictis,

410 2285 515 2377 capite
528 2290 699 2353 tantum&
723 2281 825 2351 rostro
842 2264 1031 2377 superliitez
1056 2284 1137 2352 adeo
1161 2302 1196 2353 ut
1216 2303 1333 2378 corpus
1350 2303 1452 2350 etucae
1473 2307 1540 2352 non
1562 2284 1764 2357 mediocriter

412 2379 614 2448 contratrum
629 2375 725 2447 fuerit
738 2432 749 2463 ,
762 2402 837 2447 eum
854 2371 1005 2472 chrysalis
1021 2373 1106 2451 faeta
1129 2375 1172 2448 est
1186 2430 1199 2465 ,
1215 2397 1254 2447 ex
1268 2399 1304 2446 ea
1320 2400 1356 2460 4.
1375 2399 1438 2446 ova
1451 2403 1628 2477 perparva,
1641 2405 1679 2451 ex
1689 2385 1760 2479 qui·

412 2467 472 2540 bus
484 2468 597 2565 musea
610 2496 799 2544 communes
812 2472 1008 2571 prodierunt.
1496 2539 1502 2549 .

442 2619 444 2622 -
457 2597 486 2662 5·
524 2571 578 2639 Sic
591 2570 625 2637 in
641 2565 778 2638 betadie
793 2567 1035 2666 &Septembris
1053 2595 1182 2644 erucam
1199 2567 1361 2669 conspexit
1373 2569 1504 2643 crassam
1517 2628 1529 2659 ,
1543 2567 1763 2669 sesquipollice

411 2662 546 2762 longam
559 2671 592 2734 dt
606 2669 687 2758 pene
698 2667 858 2747 inertem,
876 2658 934 2732 nist
949 2687 1023 2735 curn
1043 2666 1233 2764 tangebatur
1256 2693 1264 2736 ε
1291 2691 1362 2739 ιιιιιι
1381 2672 1469 2739 enim
1491 2693 1590 2763 quam
1616 2664 1762 2740 citillrmd

411 2756 445 2826 se
464 2755 661 2842 retrahebat,
678 2755 756 2826 alias
771 2753 950 2828 consimiles
973 2761 1008 2836 in
1030 2760 1104 2832 beta
1127 2770 1161 2833 δι
1189 2758 1319 2833 lactucis
1342 2785 1503 2859 praetereo.
1551 2765 1603 2831 Sic
1617 2766 1650 2830 in
1673 2757 1695 2830 s
1709 2768 1765 2835 ina

414 2848 576 2922 racemosa
592 2851 703 2946 agresti
714 2874 809 2922 eruca
829 2851 945 2922 aculeis
956 2851 1064 2952 aspera
1078 2860 1208 2927 inventa
1221 2856 1265 2925 est
1276 2855 1362 2928 flavo
1376 2857 1484 2946 colore
1496 2859 1620 2941 tinsla,
1641 2790 1763 2927 sestu-

414 2943 512 3016 beum
530 2953 563 3018 δι
585 2949 729 3019 vividum
752 2947 855 3028 induit
882 2945 1026 3022 colorem
1049 3009 1059 3036 ,
1082 2976 1157 3022 cum
1177 2949 1239 3021 fuit
1262 2949 1591 3049 transmutata,quod
1607 2949 1658 3022 bis
1674 2976 1766 3026 terve

412 3037 539 3111 saelum
550 3043 621 3129 est,
644 3065 680 3114 ut
696 3038 732 3113 fit
745 3046 780 3111 in
794 3047 896 3113 erucis
935 3068 984 3118 uae
999 3043 1149 3119 rosarum
1170 3043 1256 3117 foliis
1273 3043 1488 3124 innascuntur.
1525 3053 1654 3119 Harum
1677 3054 1767 3119 varia

412 3131 485 3207 sunt
500 3161 641 3233 genera,
660 3161 731 3233 qua
747 3136 881 3237 longum
891 3067 967 3220 ellet
980 3147 1132 3215 minutius
1143 3139 1327 3216 describere.
1351 3146 1507 3238 Qaedam
1519 3168 1557 3216 ex
1569 3148 1606 3214 iis
1618 3147 1768 3214 antennis

413 3229 595 3321 donantur,
617 3259 689 3331 quac
707 3234 859 3305 limacum
877 3260 998 3308 cornua
1014 3237 1167 3313 referunt.

418 3398 425 3404 ,
463 3340 497 3399 6.
511 3333 551 3396 ln
566 3328 640 3400 tofis
653 3352 786 3425 quoque
797 3353 920 3402 vermes
941 3330 998 3402 viss
1016 3335 1140 3432 punslis
1155 3337 1252 3431 nigris
1276 3334 1432 3434 conspersi
1451 3336 1610 3421 ‚virides‚
1631 3330 1766 3434 oblongi

415 3448 463 3496 22·
479 3422 612 3521 pedibus
625 3427 789 3511 instructi,
810 3426 891 3496 adeo
904 3448 939 3497 ut
964 3449 1037 3500 toto
1056 3452 1193 3526 corpore
1209 3435 1373 3527 utrimque
1396 3431 1491 3530 pedes
1516 3440 1549 3502 &
1572 3455 1656 3529 rugae
1684 3434 1765 3502 citra

411 3519 578 3592 intervalla
611 3520 654 3600 stc
678 3517 914 3618 disponantur,
945 3544 981 3593 ut
1001 3520 1053 3595 sex
1076 3527 1249 3596 anteriores
1275 3524 1335 3606 sint
1357 3527 1569 3624 longiores&
1597 3526 1768 3600 ειειιιίοιιιζ

384 3667 387 3674 ,
413 3619 477 3691 His
501 3619 583 3688 inter
605 3619 815 3690 incedendum
834 3640 967 3690 utuntur
987 3678 998 3708 ,
1020 3645 1095 3691 cum
1120 3644 1160 3691 ue
1178 3621 1277 3693 edunt
1298 3646 1354 3694 aut
1376 3624 1508 3720 gradum
1528 3620 1666 3706 sistunt,
1718 3647 1767 3693 ars

412 3734 526 3781 corum
540 3715 693 3808 posterior
705 3708 826 3783 sursum
841 3719 974 3809 erigitur
986 3719 1020 3786 in
1033 3645 1163 3813 seipsam
1178 3738 1297 3788 retorta
1310 3753 1319 3808 3
1341 3718 1471 3788 rotundi
1493 3711 1562 3788 sunt
1578 3740 1613 3786 ut
1627 3644 1767 3788 lumbri-

356 3876 359 3885 ,
413 3809 442 3873 ci
456 3839 465 3892 3
480 3811 682 3878 continenter
704 3806 771 3876 ferd
795 3808 886 3893 edere
908 3810 1082 3898 videntur,
1115 3809 1326 3887 anterioribus
1343 3810 1474 3912 pedibus
1501 3811 1580 3885 folia
1606 3816 1769 3883 teneriora

412 3897 574 3994 complexi
588 3902 736 3973 exedunt.

460 4022 501 4090 7..
520 3995 609 4066 Alias
627 3998 760 4091 quoque
784 3994 902 4095 species
923 3997 1122 4076 Insedorum
1144 4028 1214 4101 quae
1242 4009 1324 4078 inter
1343 4013 1499 4076 erucas&
1516 4026 1640 4075 vermes
1662 4003 1774 4079 ambi-.

411 4112 514 4188 gunt,
533 4097 566 4162 δι
582 4086 841 4164 ιοΐιινιῖειιιιιιιι
855 4151 865 4182 ,
881 4093 1051 4196 descripsit.
1088 4107 1175 4171 Inter
1193 4125 1246 4172 eas
1262 4095 1450 4199 conspicuus
1461 4102 1505 4173 est
1517 4104 1635 4169 vermis
1652 4101 1765 4173 itidem

412 4188 518 4256 viridis
534 4245 545 4276 ‚
568 4193 625 4284 qui
641 4212 716 4258 cum
729 4188 882 4284 quiescit,
899 4196 932 4262 in
942 4191 1084 4265 formam
1099 4193 1207 4266 helicis
1221 4196 1424 4269 convolvitur
1435 4253 1445 4283 ,
1458 4201 1564 4294 capite
1584 4192 1662 4266 foris
1683 4219 1769 4291 pro-

411 4281 557 4371 minulo,
581 4307 691 4380 praeter
705 4279 755 4353 sex
776 4288 869 4382 pedes
885 4296 1079 4380 anteriores,
1094 4323 1126 4382 7.
1141 4287 1211 4361 sunt
1232 4296 1395 4386 utrimque
1417 4295 1449 4360 in
1469 4294 1576 4364 medio
1600 4326 1609 4380 3
1640 4316 1691 4382 ¹4·
1712 4297 1768 4363 vi-

409 4375 545 4468 delicet,
563 4378 613 4450 sed
628 4384 718 4479 parvi
729 4383 924 4470 admodum,
944 4393 1001 4480 qui
1013 4409 1121 4463 tamen
1139 4392 1312 4486 progrerui
1329 4383 1501 4459 inserviunt
1512 4390 1638 4476 ,duoin
1651 4386 1766 4459 cauda·
1809 4441 1812 4448 -

410 4471 478 4552 Ubi
493 4472 723 4563 adoleverunt,
743 4475 814 4573 pilis
833 4476 912 4548 albis
926 4505 1076 4579 reguntur
1088 4541 1097 4570 ,
1109 4487 1166 4578 qui
1179 4481 1419 4554 aculeosurticae
1437 4482 1598 4572 referunt,
1619 4479 1672 4553 sed
1694 4479 1770 4556 brc-

409 4573 515 4640 viores
532 4593 660 4659 tamen,
678 4581 710 4644 &
723 4572 872 4666 aequabili
886 4569 960 4646 serie
974 4575 1122 4675 dispoliti·

463 4674 493 4740 8.
528 4671 616 4742 Cum
634 4692 713 4737 unus
737 4692 776 4736 ex
804 4673 843 4738 iis
865 4672 1026 4743 vermibus
1046 4671 1178 4772 capsulae
1208 4674 1354 4747 abietinae
1372 4697 1437 4771 qua
1467 4701 1534 4746 crat
1566 4673 1779 4768 conclususg.

410 4763 563 4865 operculo
579 4759 770 4856 adhesisset,
796 4763 861 4839 hoc
880 4767 1063 4862 exedebat,
1086 4779 1120 4846 δι
1140 4769 1343 4850 domicilium
1356 4769 1559 4877 sibi-parabat
1578 4772 1790 4880 suntsed?
