3646 5430
672 336 919 418 asora
977 326 1454 403 scrrurrraurr

283 474 380 543 q„
412 394 451 451 *⁶
506 466 511 481 r
534 430 879 531 sfitrhmdumest,
898 449 1060 500 ueterum
1080 428 1186 524 potius
1206 450 1305 521 quam
1329 448 1513 525 temporum
1535 422 1646 500 serrem
1659 427 1776 529 perse}

275 584 332 645 b„
340 588 360 633 ,
409 482 558 653 m„
587 518 1171 625 1nudenoqueadmonendum,hoc
1192 518 1285 591 nobis
1309 518 1370 591 else
1394 522 1590 620 propositum
1610 582 1621 613 ,
1639 551 1706 596 non
1726 547 1766 596 ut

364 610 375 633 ⁸
410 616 814 736 affimantmt'oma,
832 624 912 691 Arte
932 618 1096 717 caynam
1110 671 1121 701 ,
1136 640 1191 687 aa
1215 617 1255 687 re
1276 615 1345 687 ans
1365 617 1534 716 disciplina
1555 620 1656 691 ubas
1680 647 1767 691 con-

408 728 604 821 smilitmus,
623 725 674 798 sed
691 716 911 794 tanttimutea
921 716 1109 786 mandemus
1122 711 1235 783 litteris
1248 736 1319 809 quae
1334 713 1374 782 ad
1390 715 1570 788 Academia
1584 717 1773 789 Historiam

452 844 588 916 rtintnt,
613 843 696 920 quos
707 815 761 887 illa
778 844 815 916 pr
863 808 957 882 relsus
978 809 1113 897 fecerit,
1137 831 1200 903 quq
1220 808 1352 879 demum
1378 833 1578 907 unoquoque
1589 838 1675 882 anno
1691 810 1765 882 fue.

410 939 474 1007 tiot
486 925 666 1021 desrgnata‚
681 937 752 1012 quae
779 839 922 1010 pesseda
938 930 1150 1005 exponamus.
1185 907 1304 1000 Neque
1325 907 1358 973 in
1383 927 1425 972 eo
1440 905 1651 992 laborandum
1670 905 1773 977 nobis

407 1027 453 1094 est
468 1045 503 1094 ut
515 1043 627 1089 omnes
646 1009 910 1083 Commentarios
927 1029 981 1075 aut
995 1000 1171 1076 Tabularia
1178 1001 1426 1086 exhauriamus,
1449 1003 1539 1097 quod
1558 1001 1693 1099 longum
1715 999 1770 1072 es-

406 1115 453 1190 ser
477 1138 567 1202 ,nec
588 1107 707 1212 publici
726 1101 871 1202 saporis:
896 1126 964 1172 non
988 1103 1076 1169 enim
1097 1095 1147 1167 his
1172 1098 1211 1167 de
1233 1093 1326 1167 rebus
1347 1120 1465 1188 magna
1487 1096 1653 1168 volumina
1681 1096 1767 1170 ferre

405 1235 478 1283 aetas
489 1211 596 1282 nostra
622 1201 734 1306 potest.
762 1199 826 1270 Sed
856 1193 1041 1296 priusquam
1062 1217 1177 1266 omnes
1202 1193 1376 1283 Academiq
1402 1188 1527 1262 labotes
1545 1190 1707 1290 sigillatim
1730 1202 1768 1267 δε

404 1309 646 1378 exercitationes
669 1294 891 1392 explicentur,
910 1293 988 1388 quid
1013 1290 1061 1359 illi
1081 1285 1280 1386 propositum
1295 1288 1435 1359 maximi
1457 1287 1577 1374 fuerit,
1601 1314 1769 1386 quamque

404 1405 543 1473 tenuerit
561 1404 648 1471 viam
665 1401 700 1466 in
719 1413 913 1490 unaquaque
929 1382 1094 1484 disciplina
1109 1384 1332 1482 pertrasianda
1351 1439 1363 1471 ‚
1392 1407 1467 1453 ante
1487 1383 1676 1455 intuendum
1700 1410 1768 1467 tro-1

403 1491 452 1566 bis
475 1496 537 1569 est..

454 1596 567 1687 Atque
587 1610 624 1658 ut
636 1588 656 1659 ὲ
668 1584 811 1684 Phyficis
827 1581 921 1654 rebus
938 1580 1103 1653 ordiamur
1125 1633 1136 1666 ‚
1155 1583 1205 1649 vir
1226 1601 1300 1649 curn
1314 1583 1437 1650 viveret
1457 1583 1489 1650 in
1514 1584 1589 1648 tnio
1615 1584 1649 1647 δε
1673 1583 1768 1652 omni

402 1710 518 1788 genere
529 1684 719 1756 eruditionis.
740 1678 879 1777 prestans
901 1682 947 1749 D.
961 1674 1123 1763 Perrault,
1141 1699 1208 1772 qua
1222 1679 1348 1747 ratione
1368 1675 1437 1744 duae
1463 1605 1524 1744 usa
1549 1673 1776 1771 Philosophiae.

402 1780 554 1856 naturalis
566 1802 691 1878 partes,
704 1801 767 1874 quq
783 1773 984 1845 eruditorum
1003 1770 1104 1839 studia
1120 1774 1278 1866 imprimis
1291 1771 1332 1840 ad
1354 1767 1385 1841 se
1406 1793 1620 1856 convertunt,
1638 1776 1766 1840 Anato-

402 1882 470 1951 ruia
482 1887 516 1950 &
541 1878 695 1947 Botanica
710 1868 881 1943 ornanda
906 1862 991 1953 srnr,
1008 1861 1146 1937 breviter
1171 1859 1340 1962 exposuit,
1362 1889 1460 1960 atque
1485 1867 1661 1940 Anatomes
1685 1892 1771 1962 pro-r

404 1973 573 2048 movenda
590 1995 665 2041 earu
687 1966 775 2040 velut
791 1962 933 2035 formam
949 1961 1130 2036 delineavit.
1162 1962 1371 2032 Anatomicas
1396 1957 1633 2033 observariones
1656 1960 1765 2059 dupli·

404 2074 450 2140 cis
462 2066 523 2139 else
533 2070 657 2165 generis
671 2059 998 2162 primdnaadmonuit
1014 2084 1024 2128 s
1040 2055 1109 2130 aliar
1128 2060 1218 2127 enirn
1237 2058 1277 2126 ad
1298 2081 1498 2154 organorum
1516 2058 1706 2127 struuuram
1728 2065 1767 2129 dc

404 2162 703 2235 conformationem
711 2156 892 2230 referuntur
905 2211 916 2241 ,
931 2153 1045 2227 aliaein
1068 2150 1123 2223 usu
1143 2177 1340 2250 organorum
1362 2163 1395 2226 δι
1417 2177 1530 2222 eorum
1544 2151 1766 2225 funffionibus

404 2258 608 2348 exquirendis
619 2251 848 2327 versantucacx
858 2274 1055 2348 organorum
1068 2247 1190 2320 fabrica
1201 2245 1271 2320 usus
1283 2245 1417 2348 perstpe
1432 2256 1465 2321 δι
1479 2250 1620 2320 actiones
1634 2305 1645 2335 ,
1662 2274 1701 2320 ac
1714 2251 1766 2326 ria

406 2353 559 2427 ciffrmer
570 2347 907 2425 usu&fun&ionibus
917 2342 1113 2442 organaipsa
1125 2345 1326 2441 deteguntur.
1488 2349 1494 2357 '

459 2456 504 2521 11.
535 2452 702 2552 roirca
722 2470 764 2515 eo
783 2446 895 2513 omnis
909 2444 1106 2512 Auatomica
1120 2438 1282 2534 indagatio
1297 2438 1438 2538 spestat,
1462 2464 1498 2510 ut
1511 2466 1548 2511 tx
1562 2446 1688 2538 organis
1697 2450 1771 2535 jam

404 2551 491 2620 notis
512 2544 583 2616 usus
597 2543 782 2638 incogniti,
804 2548 837 2606 &
866 2562 904 2606 ex
927 2532 1095 2634 perspestis
1118 2532 1337 2605 functionibus
1362 2536 1568 2607 instrumenta
1587 2537 1634 2607 his
1654 2561 1771 2634 aptarer

404 2637 617 2714 innotescant.
653 2634 769 2706 Multis
791 2637 824 2701 in
843 2631 926 2702 hanc
947 2653 1016 2699 rem
1030 2628 1160 2724 prolatis
1171 2631 1323 2728 exemplis
1337 2655 1407 2704 tum
1422 2657 1648 2727 organorum,
1675 2659 1764 2728 quo·

406 2760 481 2811 tum
493 2729 564 2802 usus
581 2723 774 2807 adhucsunr
786 2731 820 2798 iu
835 2723 989 2808 occulto,
1013 2745 1049 2793 ut
1063 2721 1153 2796 lienis
1174 2778 1183 2807 ,
1206 2732 1403 2821 pancteatis,
1423 2725 1671 2823 glandularum,
1693 2754 1772 2824 quar.-

405 2825 628 2908 atraebiliares,
645 2840 700 2894 aut
715 2846 804 2892 renes
825 2819 1049 2891 succenturiati
1064 2818 1127 2888 diti
1146 2817 1272 2906 solent,
1287 2844 1357 2891 tum
1381 2827 1568 2909 asiionum,
1590 2851 1661 2920 quae
1687 2850 1769 2896 cum:

406 2918 468 2992 fiat
483 2919 676 3004 manifestae,
691 2942 729 2988 tx
750 2920 880 3014 organis
892 2916 1036 2985 nondum
1054 2910 1127 2983 satis
1145 2913 1228 2986 bene
1250 2913 1419 3013 perspedlis
1438 2922 1596 2992 oriunturr
1612 2929 1699 3014 cujus
1709 2945 1765 3017 ge·

405 3021 489 3089 neris
505 3016 591 3088 forti
612 3015 655 3085 est
682 3012 773 3084 laslis
795 3015 987 3111 generatio,
1012 3020 1047 3084 dc
1066 3003 1224 3107 sanguinis
1240 3009 1333 3108 ipsius
1355 3012 1547 3085 confinio:
1577 3017 1705 3086 tandem
1729 3015 1768 3087 id

405 3111 589 3195 concludit,
603 3111 679 3180 hinc
697 3109 839 3207 amplam
850 3103 1129 3179 exercitationibus
1144 3108 1344 3178 Academicis
1358 3115 1523 3180 materiem
1537 3106 1701 3198 substerni,
1714 3133 1769 3181 at-

407 3231 473 3304 quo
497 3232 535 3282 ea
555 3204 758 3278 infisttnduttr
781 3202 937 3276 methodo
953 3259 964 3292 ,
982 3228 1053 3298 qua.
1063 3208 1097 3274 in
1118 3228 1223 3273 rerum
1247 3227 1327 3300 pene
1349 3211 1495 3276 omnium
1519 3208 1766 3305 investigatione

406 3307 551 3388 utimur,
571 3298 846 3386 seufirnmirurn,
860 3298 913 3368 vel
925 3303 1072 3386 ratione,
1090 3294 1246 3395 acsaepius
1268 3323 1441 3394 utrumque
1454 3297 1515 3370 elle
1533 3301 1767 3379 adhibendum.

404 3402 566 3492 Qamvis
578 3403 666 3469 enim
684 3400 830 3494 corporis
845 3395 977 3467 humani
987 3400 1112 3471 notitia
1120 3420 1158 3467 ex
1178 3418 1324 3465 accurata
1345 3403 1492 3467 omnium
1513 3403 1653 3494 partium
1671 3393 1766 3496 sepa..

405 3499 552 3583 tatione,
568 3502 601 3566 δι
619 3518 659 3564 rx
675 3489 804 3596 aspcstu
830 3487 900 3591 ipso
921 3492 1160 3587 pendeat,non
1181 3485 1239 3558 soli
1258 3512 1366 3561 tamen
1389 3493 1476 3563 oculi
1495 3497 1611 3586 judices
1628 3490 1700 3564 sunt
1723 3517 1767 3564 ca

405 3592 439 3662 in
457 3615 489 3661 rc
501 3587 574 3663 satis
589 3591 720 3677 idonei,
737 3583 794 3661 nisi
810 3593 943 3661 canonis
962 3591 1093 3658 accedat
1104 3586 1279 3678 judiciumr
1301 3582 1388 3660 secus
1411 3595 1464 3669 vix
1487 3590 1525 3660 de
1548 3587 1603 3660 usu
1621 3595 1763 3687 partium

406 3710 477 3780 quae
491 3688 621 3759 detesiae
635 3686 789 3773 fuerunt,
811 3688 988 3785 quicquam
1002 3689 1080 3756 certi
1098 3681 1223 3752 decerui
1239 3685 1363 3780 potest,
1389 3711 1426 3756 ac
1441 3685 1554 3755 frustra
1578 3681 1659 3781 sape
1672 3709 1770 3754 nova·

406 3781 596 3877 indagantur
610 3807 753 3879 organa,
770 3808 841 3878 quae
863 3788 945 3852 ratio
958 3779 1023 3879 ipsa
1035 3783 1168 3851 minimi
1190 3776 1355 3850 necessaria
1368 3783 1497 3875 judicat.
1535 3790 1646 3878 Iraque
1664 3785 1760 3851 ratio·

406 3897 483 3944 nem
499 3875 595 3945 timul
613 3875 786 3949 &frastim
801 3901 864 3948 ona
877 3886 1075 3974 conjungere
1154 3879 1159 3889 ’
1267 3874 1375 3951 suerit.
1407 3878 1569 3948 Interdum
1589 3878 1758 3955 conjectu.

372 3979 383 3996 ”
406 3973 449 4039 ris
466 3972 619 4041 utendum
634 4026 645 4057 ,
661 3995 737 4042 cum
750 3974 1036 4046 demonstrationes
1052 3898 1334 4050 [offiium
1350 4000 1360 4044 ι
1386 3974 1582 4070 conjesiuras
1605 3968 1759 4068 probabi-

406 4062 451 4133 les
466 4059 662 4164 suppeditare
673 4064 775 4139 solent
789 4068 955 4167 ligatttrae,
976 4067 1142 4164 liquorum
1158 4071 1345 4156 lajeiliones
1359 4068 1473 4166 quibus
1487 4067 1559 4140 vast
1573 4067 1652 4138 fiunt
1664 4090 1759 4161 apet-

406 4163 488 4230 tiora
500 4218 509 4248 ,
523 4185 577 4233 aut
592 4161 743 4238 humores
753 4163 981 4263 coagulantur,
996 4173 1031 4239 δε
1044 4164 1105 4236 alia
1117 4157 1271 4258 ejusmodi
1285 4166 1324 4235 de
1346 4165 1461 4263 quibus
1478 4168 1599 4248 idoneis
1613 4164 1691 4234 locis
1704 4159 1756 4229 di.

407 4278 525 4326 cemus.
837 4309 840 4314 ,
883 4306 886 4313 -
1672 4296 1675 4302 ·

457 4356 536 4427 Ill.
598 4379 642 4435 ua:
672 4354 712 4428 de
739 4361 893 4428 Boranica
910 4356 1050 4432 disseruit
1074 4418 1085 4449 ‚
1107 4359 1145 4431 ad
1165 4359 1231 4431 haec
1256 4361 1321 4431 duo
1343 4366 1448 4459 capita
1469 4345 1681 4442 revocantur,
1706 4379 1760 4429 eas

405 4452 796 4552 eamcirationesduplicis
806 4450 868 4527 else
878 4459 1000 4551 generis
1018 4483 1026 4525 :
1051 4480 1126 4527 nam
1144 4459 1192 4526 vel
1210 4456 1279 4527 sunt
1302 4484 1396 4527 mera
1425 4461 1596 4533 Botanirrc,
1612 4451 1663 4522 vel
1679 4451 1765 4524 uhi.

405 4542 599 4640 losoplticaet
620 4552 739 4642 priores
753 4550 932 4644 quidemad
945 4549 1126 4647 plantarum
1145 4551 1309 4624 historiam
1327 4562 1488 4653 pertinent
1511 4605 1521 4634 ,
1549 4575 1619 4646 quae
1645 4545 1759 4615 multi-

406 4638 619 4805 gliciratione
648 4643 792 4713 illustrari
817 4653 850 4714 &
876 4643 1062 4743 locupletari
1084 4650 1211 4748 potest,
1236 4671 1271 4717 ut
1295 4646 1351 4719 suo
1374 4652 1450 4722 loco
1475 4647 1647 4719 dicendum
1668 4647 1728 4712 erit
1747 4673 1766 4729 5-

430 4734 458 4807 -d
473 4734 616 4834 sllrpiuru
631 4761 743 4832 ortus,
762 4734 874 4846 causas
894 4749 1079 4835 &naturas
1098 4749 1265 4849 exquirere
1282 4748 1497 4846 diligentius,
1522 4743 1586 4824 huc
1608 4734 1766 4819 Philoso.

407 4818 414 4828 ι
