3646 5430
238 333 247 347 “
330 363 675 441 uentorum·
717 364 1052 468 nrurortrn.
1088 365 1253 447 rnvr.
1392 400 1446 473 or

97 466 144 540 D.
152 467 291 565 Poupart
310 466 381 561 post
400 468 477 561 aegri
490 486 631 535 mortem
646 469 791 537 cranium
803 469 928 537 intento
940 469 1050 536 animo
1063 466 1297 564 contemplatus
1309 464 1446 545 filluram
1464 471 1569 536 Germ.

95 562 216 631 invenit
230 564 366 631 omnino
383 557 707 647 ferruminatam,sex
725 559 880 658 pollicum
891 558 1112 658 longitudine,
1133 566 1277 634 &unius
1295 562 1385 634 linea
1401 565 1449 636 la·
1582 620 1588 631 .

94 651 355 741 titudine-‚illesa
374 677 483 726 tamen
501 655 580 725 dura
603 675 716 729 matre.

143 753 234 820 Hine
246 748 370 823 nullum
382 749 533 820 inoculis
546 748 714 838 dolorem,
729 773 790 821 nec
804 770 967 822 tumorem
980 773 1062 848 ager
1074 750 1315 844 senserat310bus
1329 752 1451 825 cerebri

88 842 213 915 sinister
225 866 313 917 totus
328 849 362 914 in
374 842 546 915 abscessum
556 842 699 933 abierat,
718 868 794 916 cunr
810 847 917 915 dexter
933 843 1048 933 lobus,
1062 857 1096 922 δι
1110 845 1303 919 cerebellum
1317 846 1400 918 bene
1420 846 1452 921 se

94 937 260 1014 haberent.
286 942 352 1035 Sup
376 942 480 1008 urario
489 937 545 1008 illa
554 938 713 1034 periodica
725 995 737 1026 ,
747 936 969 1012 convulfiones
985 963 1056 1034 qua
1073 941 1219 1012 dextrum
1233 941 1312 1016 latus
1327 939 1456 1014 afficie-

92 1030 170 1105 bant
182 1060 285 1117 ‚cum
299 967 450 1105 absdellus
464 1030 584 1103 cerebri
594 1036 630 1102 in
647 1029 770 1105 sinistro
782 1034 877 1105 latere
889 1030 1071 1116 coaluillet,
1087 1061 1158 1133 pars
1177 1036 1298 1108 cerebri
1315 1039 1449 1109 dimidia

93 1125 274 1224 putrescens
293 1154 368 1199 cum
381 1127 477 1199 febris
489 1150 545 1198 aut
557 1125 644 1198 nulla
660 1125 735 1200 ellit
749 1151 806 1200 aut
819 1126 933 1213 levior,
956 1127 1013 1199 nist
1026 1133 1191 1226 postremis
1203 1131 1310 1202 morbi
1326 1130 1447 1219 diebus,

94 1247 133 1293 ac
148 1225 230 1296 dura
254 1229 393 1319 Merynx
417 1222 458 1293 ab
480 1225 570 1295 omni
596 1219 850 1296 inflammatione
864 1226 1017 1295 immunis
1034 1225 1177 1319 amplam
1204 1224 1451 1326 philosophandi

96 1324 262 1390 materiam
282 1318 463 1416 suggerunt.

98 1490 102 1495 ,
143 1415 234 1484 Idem
246 1411 503 1485 observationem
518 1417 656 1488 Domini
672 1411 931 1488 Chiracinhauc
946 1439 1014 1487 rem
1025 1414 1133 1489 attulit
1147 1413 1187 1484 de
1198 1411 1330 1492 homine
1348 1424 1449 1515 quiin

96 1506 194 1580 latere
206 1508 327 1582 cerebri
344 1511 456 1580 dextro
472 1510 653 1584 vulneratus
668 1509 890 1582 convulsiones
901 1514 934 1581 in
956 1508 1078 1581 sinistro
1098 1511 1196 1582 latere
1207 1535 1352 1611 expertus
1374 1514 1449 1586 fue-

96 1627 145 1677 rat
160 1629 168 1675 :
187 1603 412 1700 haecinquam,
420 1610 535 1678 acriori
548 1611 659 1677 animo
674 1599 803 1675 disculla
817 1603 976 1704 systemati
989 1627 1140 1678 motuum
1149 1612 1207 1700 qui
1222 1606 1388 1679 dcerebro
1400 1611 1451 1679 di·

98 1723 253 1787 manant,
270 1699 376 1770 lucem
393 1700 537 1795 aliquam
557 1696 673 1772 afferte
690 1721 865 1796 poterunt3
887 1722 984 1795 atque
1007 1702 1083 1773 hinc
1104 1698 1249 1772 discimus
1266 1708 1394 1775 initium
1416 1711 1452 1778 δι
1591 1762 1594 1767 «
1627 1761 1630 1765 ,

96 1810 276 1869 extremum
295 1794 491 1867 diversorum
525 1819 675 1871 motuum
700 1799 867 1867 cruciarim
891 1792 949 1865 srbi
983 1817 1099 1867 mutuo
1127 1819 1305 1871 occurrere.
1344 1804 1452 1891 Hujus

96 1894 143 1962 rei
158 1887 324 1960 occasione
347 1894 391 1964 D.
413 1898 552 1988 Poupart
564 1889 595 1964 se
615 1887 722 1962 vidisse
737 1893 782 1962 ait
794 1889 962 1963 mulierem
974 1894 1026 1960 cui
1038 1890 1205 1961 dimidium
1231 1898 1375 1963 cranium
1394 1895 1453 1963 de-

98 1984 237 2063 crastum
250 1982 366 2073 fuerat,
383 2012 490 2086 eoque
501 1983 717 2083 eleemosynas
729 1983 918 2083 excipiebat,
926 2011 999 2083 parc
1011 1986 1141 2056 dimidia
1152 1988 1235 2057 durae
1251 1992 1361 2059 matris
1376 2011 1452 2061 cum

98 2083 162 2151 adri
181 2078 255 2153 ellet
265 2106 303 2152 ex
326 2079 404 2155 ostra
415 2139 426 2168 ‚
438 2082 696 2180 eamqueleviter
709 2083 842 2176 quidam
853 2079 1138 2178 attigissetingenti
1151 2081 1291 2155 clamore
1303 2081 1452 2154 dolorem

99 2173 191 2246 suurn
203 2200 296 2272 expre
324 2201 350 2251 rt
359 2233 372 2267 ,
389 2178 479 2252 mille
493 2177 635 2254 scintillis
647 2175 758 2248 oculos
769 2173 929 2276 perculsos
942 2173 1118 2250 affirmans.

102 2379 1453 2529 ouoooaaooroaoaooooanoo

371 2631 697 2727 suerro
795 2631 1211 2731 ALTERA.

618 2846 939 2983 st⁸mffll

197 3067 254 3158 Ue
267 3065 307 3136 ad
321 3067 567 3139 Mathematicas
621 3072 737 3137 rtinent
759 3061 956 3162 disciplinas,
969 3066 1107 3141 breviter
1124 3069 1325 3143 decurremus
1345 3128 1356 3161 ,
1380 3061 1471 3147 curux

200 3160 270 3234 fusd
291 3166 324 3232 iu
348 3165 491 3235 Historiti
520 3161 581 3234 Gal
596 3163 671 3252 ica,
698 3171 731 3236 δι
758 3164 793 3231 in
821 3165 915 3234 Acris
934 3162 1007 3265 ipsis
1027 3165 1209 3237 Academiae
1233 3163 1292 3236 lint
1313 3191 1456 3265 pertrac-

102 3282 181 3332 rata.

396 3588 726 3674 CAPUT
805 3586 1198 3674 PRIMUM.
1314 3572 1317 3577 ⁵

476 3823 480 3830 ·
621 3795 675 3862 De
709 3783 942 3867 Generatim,

107 3996 134 4061 Ι.
148 3991 246 4160 D.
266 3989 452 4084 Bernoiiilly
476 3991 649 4087 Groningae
665 3987 847 4063 Mathcseos
859 3986 1019 4062 Professor
1031 3987 1095 4058 hoc
1105 3985 1270 4085 problema
1285 3984 1463 4084 proposue-

237 4114 285 4159 rat
303 4084 695 4158 Geometrissolvendum.
735 4088 776 4151 In
810 4086 883 4150 lano
902 4083 1050 4151 verticuli
1074 4105 1208 4150 curvam
1231 4083 1344 4147 lineam
1368 4085 1462 4149 inve.

108 4188 200 4275 nire,
250 4208 323 4249 uam
351 4200 461 4277 corpur
483 4185 566 4248 inter
596 4102 841 4272 descendendlm
863 4175 958 4246 libero
988 4195 1073 4243 motu
1103 4176 1141 4246 ὰ
1167 4182 1295 4275 proprio
1325 4177 1462 4273 pondere

110 4279 297 4372 describat,
319 4281 401 4344 lince
410 4277 549 4374 stragulis
567 4280 692 4375 puellis
705 4278 829 4377 semper
858 4274 991 4368 infisienr
1013 4295 1085 4340 cum
1109 4273 1147 4338 vi
1169 4275 1281 4366 equali
1300 4270 1463 4367 gravitati

111 4377 267 4469 absolute·

157 4476 258 4570 Qod
272 4466 295 4538 st
311 4474 343 4539 in
360 4466 422 4538 hoc
437 4493 572 4632 corpore
585 4472 675 4538 unius
690 4472 852 4565 gravitatis
862 4466 1010 4538 absoluta
1020 4465 1187 4537 haberetur
1206 4471 1286 4535 ratio
1305 4498 1314 4550 3
1333 4462 1464 4559 proble-

109 4594 165 4646 ma
175 4571 260 4641 soret
273 4561 378 4635 solutu
393 4576 484 4658 irnpo
510 4562 597 4634 rbile.
636 4566 724 4635 Cum
749 4567 835 4633 enim
859 4588 956 4633 curva
982 4586 1019 4632 ex
1043 4557 1174 4630 infinitis
1205 4558 1292 4628 lineis
1316 4560 1407 4627 reslis
1429 4556 1465 4629 srt

110 4662 290 4832 compunta
301 4716 316 4757 ,Ι
326 4657 425 4756 iisque
436 4663 469 4729 in
484 4655 644 4728 infinitum
664 4665 770 4755 parvis
781 4683 876 4751 ,.quae
887 4660 948 4725 uni
959 4658 1136 4739 coniunslae
1149 4652 1309 4747 quosdam
1321 4648 1464 4723 ellit-iurat

112 4785 197 4863 ango
212 4784 270 4849 os,
285 4782 323 4830 ac
335 4781 456 4844 curva,
471 4755 509 4827 de
525 4754 590 4854 qui
610 4778 715 4856 agitur
728 4811 740 4846 ,
755 4761 788 4825 in
804 4753 901 4850 plano
912 4752 1055 4827 verticali
1070 4745 1462 4919 constltpmflflulpoml

1297 4870 1319 4938 ¹l
