3646 5430
278 393 631 473 'ACADEMIAE
683 397 1160 478 HISTORIA.,1.1⁸.1.
1373 414 1415 494 69

52 494 284 594 &segmentis
299 498 379 597 ligni
394 552 405 583 ,
422 521 493 593 quae
515 497 618 567 rostro
637 494 743 568 evulsa
766 521 828 570 una
846 498 1098 597 conglutinabat.
1136 504 1259 572 Verum
1275 495 1413 598 disrupta
1435 528 1486 595 De

52 590 273 684 domuncula,
296 603 462 691 &aperta
487 618 525 665 m
549 590 639 682 suia,
659 592 845 691 aliquandiu
865 597 900 662 in
925 618 963 665 ea
982 592 1160 668 elaboravit
1183 652 1194 683 ,
1219 619 1258 665 ac
1282 597 1413 667 tandem
1434 620 1512 712 11,st

50 689 180 760 alterius
203 713 310 762 erueae
330 714 403 787 quae
417 693 451 759 iu
475 619 565 760 maio
584 711 727 761 cotoneo
744 712 868 788 reperta
882 687 1009 776 brerae,
1035 690 1188 762 aureliam
1209 690 1412 790 perforavit,
1432 679 1533 790 Aah}

52 785 157 884 ibique
175 783 207 858 se
226 787 385 869 condidit.
412 785 478 855 Alii
492 787 548 855 diu
566 787 742 856 vixerunrd
763 784 912 856 lateribus
931 782 1062 885 capsuiae
1087 784 1231 885 perisses.
1251 787 1416 860 Nonnulli
1534 775 1545 792 ⁰

51 905 186 1048 zpmoque
200 907 328 954 verines
340 879 460 953 coloris
472 884 644 977 purpurei,
661 885 717 978 qui
728 879 809 952 nihii
819 905 874 954 aut
890 907 1059 981 perpurum
1070 879 1225 969 edebant,
1248 887 1281 952 in
1297 883 1413 954 eodem

55 974 938 1169 mimmii&iisssi‘flsssibz
952 975 1413 1163 sitiissd..i.⁰.l?‘.i.s.s‘2s?;

55 1191 125 1264 quae
140 1175 267 1240 rariora
280 1168 350 1241 stmt
363 1176 397 1241 dc
412 1171 542 1260 majoris
554 1171 786 1264 expedianonis
798 1169 1002 1242 veniendum.

102 1271 175 1338 lx.
211 1267 293 1337 Cum
313 1265 490 1337 Academia
509 1262 562 1331 die
575 1289 629 1336 20.
647 1262 811 1362 Septemb.
826 1269 902 1333 anni
916 1269 1007 1338 1668.
1020 1261 1100 1358 jussu
1122 1269 1278 1339 Ludovici
1296 1271 1414 1369 Magni

56 1362 276 1450 convenisset,
289 1385 325 1434 ur
347 1358 617 1433 Cbsmeleontem
628 1362 739 1429 vivum
759 1365 815 1455 qui
837 1363 948 1458 Regiae
961 1364 1148 1449 majestati&
1165 1367 1414 1460 Patrequodam

60 1456 230 1552 Capucino
253 1456 380 1529 oblatus
395 1453 522 1541 suerat,
539 1462 574 1528 dc
589 1476 626 1524 ex
644 1461 787 1554 AEgypto
807 1454 918 1526 allatus
933 1513 944 1544 ‚
962 1458 1175 1554 expenderet,
1193 1460 1294 1533 muira
1319 1465 1352 1531 in
1371 1489 1413 1535 eo

62 1546 134 1620 sunt
151 1551 396 1648 observataque
408 1549 505 1650 poulo
544 1550 592 1619 ost
605 1553 689 1649 typis
704 1551 855 1621 mandata
869 1546 952 1626 sunt.
987 1557 1108 1623 Isveto
1120 1554 1171 1626 die
1196 1581 1241 1628 tr.
1256 1555 1415 1630 octobris

65 1671 202 1720 mortuus
215 1651 274 1723 est.
303 1654 367 1722 Die
381 1674 421 1737 ¹3·
435 1576 585 1717 omnibus
603 1670 713 1715 coram
724 1669 826 1742 patres
837 1643 1019 1746 singiliatim
1032 1643 1103 1721 sunt
1116 1656 1300 1722 examirutae
1309 1708 1319 1738 ‚
1328 1651 1414 1725 illius

64 1765 205 1815 accurata
219 1754 254 1817 δι
277 1743 389 1840 ampla
402 1737 570 1841 descriptio
589 1741 611 1811 ὲ
629 1743 673 1812 D.
689 1741 831 1811 Perrault
849 1765 973 1814 exarata
984 1744 1097 1817 diero.
1113 1746 1313 1818 Novembris
1331 1748 1414 1820 lesbo

63 1836 120 1927 est,
137 1849 175 1912 δι
200 1841 327 1941 publici
337 1844 414 1931 juris
427 1836 536 1926 faeta,
553 1843 642 1926 cujus
661 1833 868 1908 summarium
882 1836 964 1907 infra
980 1840 1155 1912 reddemus.

102 1935 247 2008 Ciconia
267 1959 401 2034 quoque
430 1929 539 2003 iisdem
561 1932 628 2003 fere
652 1929 851 2029 temporibus
878 1930 1005 2005 dissecta
1026 1933 1099 2009 suit.
1136 1939 1302 2009 structura
1328 1939 1421 2011 rostri

66 2054 171 2124 ptaeter
187 2033 266 2104 alias
279 2034 425 2129 corporis
443 2052 548 2127 partes
563 2032 596 2099 in
614 2024 645 2099 se
661 2032 809 2097 omnium
825 2026 937 2098 oculos
950 2035 1120 2103 convertit.

112 2135 159 2202 X.
188 2127 319 2201 Cameli
333 2142 468 2223 quoque
483 2147 539 2194 sut
553 2125 758 2215 Dromedsrii
775 2146 849 2194 ante
869 2121 988 2194 disserti
1004 2121 1172 2226 descriptio
1196 2128 1278 2198 tecta
1297 2135 1341 2204 est
1367 2135 1420 2205 die

69 2251 105 2312 ¹7·
130 2224 343 2309 Decembris,
356 2226 403 2291 uti
420 2231 455 2294 dr
468 2223 584 2320 Caprae
601 2219 729 2316 Lybicae
746 2246 778 2291 v.
800 2218 942 2305 Gazele,
956 2228 990 2293 &
1004 2221 1082 2292 Felis
1093 2224 1233 2295 odoratae
1246 2250 1278 2301 v.
1290 2224 1420 2297 Civerre

67 2343 157 2418 quam
173 2327 220 2394 D.
232 2315 376 2394 Perrault
392 2313 604 2417 suspicabatur
617 2320 773 2412 Hyenam
786 2313 847 2385 eise
860 2337 1016 2387 veterum.

43 2406 53 2432 ‘
105 2421 208 2488 Anno
226 2431 324 2506 1669.
344 2414 394 2484 die
409 2441 452 2508 ¹5·
468 2411 660 2482 Februariis
703 2431 787 2478 rrum
811 2413 855 2481 est
878 2434 994 2506 corpus
1010 2410 1151 2482 mulieris
1170 2416 1271 2510 pridie
1290 2417 1419 2519 suspen·

66 2516 116 2583 dio
142 2512 358 2612 strangularet.
379 2510 485 2581 Multa
511 2503 581 2578 sunt
604 2504 769 2576 oberrata
792 2530 864 2604 quae
879 2527 965 2574 nunc
977 2510 1133 2604 temporis
1148 2532 1224 2578 cum
1245 2507 1318 2585 satis
1339 2536 1420 2586 nota

67 2608 149 2694 fint,
174 2608 453 2705 pretermittimus.

114 2709 194 2774 xl.
218 2697 328 2774 Mense
349 2703 471 2771 Martio
490 2694 618 2771 dissecta
643 2700 686 2770 est
711 2699 821 2800 vulpes
840 2701 946 2795 junior
970 2702 1005 2771 in
1031 2721 1096 2795 qua
1122 2719 1229 2771 motus
1249 2703 1423 2800 peristalti.·

65 2826 120 2871 cns
133 2801 381 2882 intestinum,
404 2793 495 2893 isque
514 2800 694 2894 reciprocus
710 2793 772 2868 suit
798 2785 993 2868 observatus.
1040 2798 1132 2867 Nam
1156 2794 1178 2864 d
1204 2793 1421 2897 superioribus

66 2893 204 2991 partibus
223 2891 328 2965 versus
343 2891 540 2977 inferiores,
568 2898 601 2962 dt
624 2888 758 2962 vicissim
783 2917 910 2964 motum
941 2889 1032 2961 suum
1064 2890 1309 2964 vermicularem
1335 2920 1418 2966 con·

65 2988 241 3062 tinuabant.
264 2989 405 3073 Cacum
419 2987 515 3057 instar
538 2984 677 3058 cochleae
696 2989 908 3060 convolutum
923 2985 1028 3085 plures
1051 2984 1242 3058 membranae
1256 2989 1420 3061 devincie.

65 3082 164 3249 dsunt,
195 3083 312 3181 quibus
332 3080 480 3181 disruptis
501 3077 609 3180 figurae
632 3087 752 3153 conicae
780 3088 959 3183 apparuit:
993 3090 1082 3178 jecur
1105 3085 1139 3154 in
1166 3082 1303 3168 7lobos
1332 3085 1419 3157 divi-

79 3206 130 3251 um
152 3203 235 3258 erat.

459 3516 495 3599 C
530 3512 569 3596 A
606 3514 635 3598 P
668 3514 707 3597 U
745 3513 785 3592 T
906 3518 945 3598 V
981 3517 1016 3600 1.

507 3740 562 3806 De
573 3722 750 3835 strodere
772 3719 959 3810 oculorum.

68 3947 95 4015 1.
107 3936 298 4111 ANno
329 3935 481 4037 superiori
503 3939 549 4009 D.
575 3937 733 4006 Mariotte
754 3937 943 4036 opinionem
967 3931 1055 4003 suam
1083 3931 1122 4002 de
1144 3928 1272 4003 visionis
1298 3961 1421 4036 organo

218 4031 400 4130 exposuerat
411 4037 546 4103 omnino
561 4026 720 4127 persuasus
733 4055 800 4101 non
818 4035 850 4100 in
866 4035 987 4116 retina,
1010 4052 1046 4100 ut
1061 4030 1162 4127 vulgo
1175 4029 1312 4101 creditur
1336 4089 1346 4118 ‚
1371 4032 1423 4103 sed

65 4141 96 4207 in
114 4132 274 4206 chorotde
287 4127 474 4201 membrana
490 4183 500 4214 ‚
515 4151 586 4223 quae
598 4130 712 4196 intima
729 4126 772 4195 est
786 4134 820 4199 δι
836 4131 997 4195 interioris
1019 4130 1108 4194 nervi
1128 4128 1228 4221 optici
1249 4150 1420 4224 propago,

66 4255 169 4302 rerum
198 4223 400 4320 objeihruns
425 4226 579 4321 imagines
606 4221 756 4318 depingi,
781 4243 835 4291 aut
859 4223 944 4290 certd
958 4222 989 4289 id
1011 4225 1195 4315 proximum
1218 4221 1280 4291 esse
1295 4221 1423 4292 visionis

69 4349 236 4424 organum.
260 4318 419 4392 Adversus
432 4317 516 4389 banc
535 4314 722 4388 sententiam
754 4314 855 4386 multa
870 4310 1019 4413 opposuit
1050 4317 1094 4388 D.
1130 4321 1270 4408 Pecquet
1293 4340 1328 4388 ut
1350 4344 1423 4390 eam

70 4447 133 4518 quae
149 4445 237 4490 nunc
248 4419 433 4490 communis
446 4415 489 4484 est
503 4416 632 4510 opinio,
648 4434 865 4576 propugnaret
879 4444 889 4500 3
908 4434 979 4507 quae
998 4408 1038 4482 ab
1061 4434 1102 4480 eo
1123 4408 1228 4481 ailarae
1238 4405 1308 4484 sunt
1323 4419 1422 4486 tatio-

71 4542 119 4588 nes
130 4523 166 4588 in
182 4519 336 4587 Diaritrm
355 4512 560 4583 Eruditornm
576 4506 646 4579 sunt
662 4507 712 4576 coi
727 4531 794 4578 atae.

116 4620 169 4686 ii.
207 4616 351 4682 Exeunre
376 4607 520 4704 Augusto
541 4608 617 4674 anni
638 4617 729 4693 1639.
750 4610 795 4677 D.
816 4607 974 4675 Mariotte
988 4600 1184 4698 objedbiones
1210 4608 1254 4676 D.
1282 4607 1424 4694 Pccqutt

72 4711 183 4782 diluere
201 4706 248 4777 est
263 4701 425 4804 aggressus
436 4726 515 4798 quas
528 4699 711 4772 summatim
721 4705 913 4797 attingemus
925 4727 933 4770 τ
946 4725 1021 4770 nam
1035 4698 1168 4800 publicis
1178 4695 1299 4793 scriptis
1310 4701 1424 4767 utrim-

76 4807 234 4902 queeditis
242 4801 313 4897 baec
326 4799 459 4900 questio
478 4795 540 4872 suit
553 4801 684 4896 agitata.
731 4800 875 4875 Primum
895 4796 975 4870 illud
991 4800 1025 4867 in
1040 4792 1261 4982 defenfioseiij
1272 4816 1424 4876 commu·⁴
