3646 5430
281 333 625 409 ACADEMIAE
663 332 989 411 HISTORIA.
1031 335 1121 412 [ιι.
1145 340 1175 412 1.
1372 363 1404 427 ιι

88 434 218 507 Diu&
239 432 381 502 multum
406 431 475 504 calx
488 435 723 504 commovenda
737 441 770 506 de
784 458 901 530 magna
921 455 1012 527 aquae
1025 437 1118 528 copia
1134 432 1255 506 aflundi
1271 430 1333 504 srne
1348 460 1402 529 pe.
1420 439 1474 504 De

43 531 146 605 riculo
159 528 293 630 potest:
317 548 444 598 tantum
463 532 548 598 enim
569 527 638 599 calx
659 523 725 625 ipsa
745 553 836 625 aqua
857 534 942 626 capit
955 548 1112 621 quantum
1132 526 1203 601 satis
1217 530 1272 603 est.
1307 531 1399 602 nffu.
1418 532 1513 603 calce.

42 627 130 701 sone
143 650 240 722 aquae
260 632 294 696 dt
308 629 377 718 jugi
393 626 538 693 morione
551 648 680 695 cavetur
699 649 740 695 ne
763 624 951 721 crepitando
973 643 1096 716 partem
1109 619 1154 693 sui
1167 624 1237 694 salit
1252 631 1378 697 amittat
1391 661 1401 715 3

43 725 121 796 dum
136 726 227 792 euim
245 743 335 813 aqua
353 717 438 788 illius
459 715 543 790 subit
561 743 702 808 meatus,
722 722 860 791 nimium
880 713 1036 790 rarescens
1052 740 1127 788 cum
1152 724 1275 817 impetu
1293 719 1402 793 obiret

47 818 190 904 revellit,
204 823 240 888 dc
259 811 306 884 sal
323 809 469 883 subtilior
486 839 541 913 per
557 839 681 911 apertas
695 819 790 886 rimas
806 818 956 912 erumpit.

90 913 250 985 Ειιὶιιᾶκ
263 907 345 981 calci
358 931 577 1004 magnaaquae
603 915 696 1008 copia
710 908 970 1007 superfunditur,
992 931 1063 1005 que
1086 905 1181 983 salem
1204 907 1404 986 subtiliorem

48 1013 189 1097 retinet,
203 1008 281 1076 dum
295 1007 451 1079 cremoris
463 1004 558 1077 instar
570 1008 597 1075 is
608 1028 698 1102 aquae
713 1010 835 1078 innatat
853 1060 865 1095 ,
885 1003 966 1076 adeo
989 1027 1025 1076 ut
1048 1000 1160 1080 salium
1182 1017 1216 1083 dr
1236 1033 1329 1106 aquae
1350 1007 1405 1081 fiat

49 1127 208 1180 accurata
222 1101 391 1201 permistio.

100 1206 171 1275 Vl.
205 1201 289 1296 Saepe
313 1218 481 1294 expertum
504 1191 535 1266 se
559 1191 752 1267 admonebat
766 1195 920 1292 quosdam
934 1198 965 1270 la
988 1199 1054 1272 ides
1072 1256 1083 1288 ,
1102 1204 1225 1298 quique
1246 1205 1406 1315 optimam

49 1295 250 1395 suppeditant
264 1291 408 1380 calcem,
425 1287 604 1387 cujusmodi
617 1294 640 1360 ii
651 1287 722 1362 sunt
736 1296 792 1389 qui
805 1299 838 1365 in
854 1299 928 1366 vico
943 1225 1148 1395 Cleempaegnt
1175 1321 1378 1396 reperiuntur
1393 1353 1406 1385 ,

53 1398 115 1476 diu
125 1387 232 1461 servari
241 1380 380 1473 illesos,
404 1411 503 1483 atque
517 1388 677 1458 interdum
691 1391 818 1459 evenire
838 1413 874 1462 ut
892 1414 947 1488 per
969 1394 1056 1463 diem
1081 1399 1242 1491 integrum
1263 1398 1297 1466 in
1314 1417 1400 1487 aqua

58 1485 165 1584 frigida
179 1489 264 1556 citra
276 1482 380 1553 ullum
398 1482 540 1554 calorem
563 1483 700 1581 perstent
715 1539 725 1566 ,
741 1482 828 1577 quasi
849 1487 938 1557 crudi
957 1482 1054 1559 essent
1075 1495 1107 1561 dr
1121 1512 1187 1559 non
1202 1490 1289 1559 colli
1314 1544 1324 1574 ,
1349 1484 1404 1574 sed

151 1578 290 1651 fervide
307 1582 352 1649 im
376 1577 447 1650 osrti
460 1577 565 1649 statim
586 1582 668 1648 vires
693 1573 940 1669 surrexerunt,
969 1584 1059 1677 qudd
1080 1582 1166 1653 sortd
1191 1609 1251 1681 pro
1276 1590 1311 1654 rii
1337 1578 1409 1657 salis

59 1606 153 1755 ἄξι’
170 1674 320 1772 quadarn
361 1669 490 1746 ivisrone
507 1671 664 1746 densiores
683 1671 761 1746 fasti
778 1671 950 1748 humorem
965 1683 1136 1749 extrarium
1162 1703 1227 1748 non
1242 1610 1338 1752 sicilie
1350 1681 1410 1750 ad.

55 1778 194 1849 mittant.
232 1768 318 1840 Calx
335 1769 476 1842 extiusta
489 1764 532 1841 sic
544 1791 627 1840 terra
639 1775 777 1867 tegitur,
790 1793 825 1840 ut
840 1770 918 1842 nibil
940 1778 1059 1844 ineam
1081 1774 1187 1872 gelido
1199 1797 1253 1845 aut
1273 1775 1410 1846 humido

52 1871 113 1939 riri
128 1867 241 1941 liceat.
262 1871 342 1964 Qu
357 1864 509 1938 vetustior
526 1921 536 1951 ,
563 1863 628 1933 hoc
647 1866 761 1934 melior
777 1889 786 1934 ε
800 1890 875 1936 nam
895 1864 980 1939 lenta
1003 1864 1273 1955 fermentatione,
1297 1878 1331 1942 de
1354 1874 1407 1939 in.
1541 1866 1545 1873 '

53 1963 171 2036 tostino
192 1966 334 2060 partium
353 1955 582 2033 insensibilium
602 1981 695 2029 motu
714 1955 750 2030 fit
771 1958 926 2032 subtilior.
961 1968 1072 2060 Qam
1087 1963 1130 2034 ob
1154 1968 1312 2035 rationem
1330 1962 1412 2036 olim

56 2061 203 2130 Romani
223 2057 348 2132 calcem
358 2076 433 2128 ante
445 2058 618 2127 triennium
633 2055 805 2126 extindlam
822 2053 1031 2128 edificiorum
1047 2051 1329 2131 substructionibus
1354 2059 1422 2130 rid-¹

58 2151 222 2228 bibebant.
247 2157 303 2225 Sic
322 2173 453 2225 arenata
474 2175 530 2223 aut
552 2172 713 2223 cementa
738 2153 773 2221 in
793 2148 1008 2226 fundamentis
1027 2151 1238 2227 aedificiorum
1256 2153 1418 2253 lapidibus

59 2245 125 2346 ipss
136 2250 271 2322 duriora
284 2270 458 2325 cernuntur
473 2242 615 2339 ;arciirls
630 2251 718 2316 enim
731 2240 775 2316 sal
795 2244 957 2317 humidior
983 2273 1058 2320 cum
1072 2273 1167 2320 arena
1194 2249 1252 2321 srbi
1277 2272 1417 2349 cognata

60 2342 209 2421 cohaeret.
232 2343 433 2447 Excipitudae
450 2368 558 2417 tamen
580 2337 652 2412 sunt
664 2335 909 2412 substrudiiones
922 2348 956 2412 iu
976 2369 1081 2441 aqua,
1106 2368 1163 2416 aut
1188 2351 1221 2415 in
1238 2345 1418 2416 humidiori

61 2435 272 2528 locosadiae,
316 2439 408 2513 uibus
426 2439 495 2512 calx
512 2443 585 2511 viva
608 2444 642 2509 dt
669 2460 775 2508 recena
797 2438 937 2506 extinsta
958 2438 1002 2505 est
1018 2436 1208 2509 adhibenda.
1256 2443 1310 2519 Sic
1329 2445 1419 2510 enim

59 2531 167 2605 adhuc
183 2466 384 2608 incalescens
396 2592 408 2623 ,
418 2557 571 2633 quantum
584 2528 641 2603 srbi
654 2531 725 2603 iaris
740 2531 785 2602 est
800 2529 944 2601 humoris
958 2535 1045 2627 capit
1054 2586 1066 2620 ,
1077 2550 1148 2600 tum
1164 2529 1255 2601 brevi
1266 2528 1419 2602 exsiccata

63 2626 169 2700 alium
183 2631 360 2703 humorem
370 2655 436 2703 uon
447 2628 585 2729 amplius
602 2631 731 2725 excipit.

113 2724 775 2801 V11.Arenaalrernmranrumunacum
789 2721 876 2796 calce
899 2727 979 2796 citra
1003 2748 1095 2822 aquae
1119 2719 1318 2795 additionem
1342 2745 1420 2820 per-

65 2812 239 2900 miscentur
253 2848 264 2892 r
279 2821 347 2893 bec
357 2826 445 2893 enim
457 2827 524 2893 vim
536 2816 648 2891 salium
659 2816 812 2891 debilitat.
850 2820 952 2917 quue
969 2826 1003 2893 in
1025 2839 1188 2891 cremento
1209 2820 1348 2890 maximi
1368 2843 1419 2892 re-

65 2913 226 2989 neudum:
241 2915 305 2988 boc
321 2923 411 2989 euim
423 2922 506 3019 ignis
519 2914 686 2987 ardoribus
698 2911 887 2986 exsiccatum
898 2940 1016 3010 aquam
1026 2913 1153 2988 avidirls
1164 2911 1305 3002 imbibit,
1319 2940 1419 3010 quam

65 3007 131 3079 calx
150 3008 244 3112 ipsa,
261 3036 331 3111 quae
353 3018 504 3113 pinguior
523 3035 598 3080 cum
622 3006 659 3082 [ιι
671 3066 683 3097 ,
697 3034 760 3080 una
778 3034 851 3080 cum
868 3035 951 3105 aqua
974 3036 1040 3081 non
1061 3009 1157 3081 facili
1175 3007 1420 3106 miseerrrr.Jam

66 3100 120 3175 ubi
137 3105 315 3181 exsiccatur
334 3132 552 3194 crementum,
576 3105 608 3175 id
638 3098 789 3202 porosum
802 3102 838 3175 fir
851 3113 885 3176 de
900 3110 1005 3177 minus
1026 3129 1143 3192 tenax,
1166 3101 1218 3175 sed
1234 3105 1320 3176 calce
1346 3128 1421 3177 tarr-

66 3203 389 3392 ffirrppdoffiilutum
408 3227 524 3304 corpur
546 3198 647 3273 efficit
668 3198 805 3274 solidum
826 3208 861 3273 δι
878 3198 1143 3302 inpenetrabile,
1167 3203 1256 3301 quod
1278 3205 1311 3270 in
1330 3207 1424 3301 aquis

72 3295 79 3309 ’
176 3302 233 3379 ‘uti
274 3301 329 3373 md
389 3301 473 3374 rstat·

110 3399 208 3469 vlu,
229 3325 453 3468 Romanpierres
466 3419 680 3497 partesarenae
693 3392 875 3482 fluviatilis,
898 3416 1036 3493 quatuor
1059 3396 1143 3468 illius
1162 3420 1263 3468 arerae
1292 3419 1363 3491 quae
1385 3417 1426 3464 rx

69 3507 158 3601 utrae
171 3489 340 3588 profundo
353 3497 475 3563 eruitur
491 3548 501 3580 ,
524 3517 599 3603 cum
613 3515 676 3561 una
692 3515 780 3588 parre
800 3490 895 3560 calcis
915 3488 1146 3601 permiscebant
1161 3492 1288 3649 ’.ffis'l
1300 3515 1337 3558 ea
1350 3488 1425 3567 riser

70 3606 222 3768 ue..
236 3583 1426 3783 ,annaneaneincurcurum..inuit

79 3776 201 3859 ttculia
215 3778 382 3863 interdum
393 3775 611 3871 adiiciebant,
633 3801 672 3845 ex
694 3773 809 3871 quibus
826 3777 986 3870 optimum
1008 3772 1274 3845 stramentum.
1322 3777 1428 3849 Aren&

84 3887 182 3942 tectus
202 3867 322 3947 effossi
336 3897 376 3943 ue
392 3879 470 3944 a‘e'ris
482 3873 619 3944 humore
629 3872 766 3941 diluatur
784 3928 794 3958 ,
815 3891 950 3965 quaequc
977 3867 1124 3940 manibus
1139 3871 1335 3941 contrudiata
1349 3871 1428 3943 stre.

80 3962 294 4059 letdat,
323 3965 467 4041 subrubri
490 3969 607 4041 coloris
620 3968 774 4036 utendum
798 3967 853 4036 esi.
880 3968 969 4036 Nam
985 3962 1028 4034 sal
1045 3989 1119 4035 rum
1141 3964 1350 4060 asperioribus
1364 3967 1429 4036 hu-

74 4079 243 4225 {lipparem
258 4062 422 4165 particulis
444 4067 573 4136 rudiori
597 4061 728 4136 vinculo
749 4059 906 4141 cobaeret,
933 4065 1036 4156 quim
1060 4059 1084 4128 [ι
1099 4061 1228 4131 mollior
1245 4061 1282 4132 sit
1300 4073 1333 4137 dr
1355 4061 1432 4133 sub-

131 4183 186 4228 or.

129 4258 197 4330 lX.
225 4259 318 4331 Hanc
331 4257 371 4329 de
386 4255 480 4328 culcis
492 4281 554 4354 prae
577 4262 720 4326 aratione
742 4263 776 4328 dr
795 4252 851 4324 usu
866 4247 1115 4322 dillertationem
1137 4251 1343 4325 vrlrernenrer
1357 4278 1434 4353 prc-

77 4342 196 4426 barunt
210 4356 256 4435 D·
280 4360 329 4429 D.
348 4350 490 4426 Perrault
504 4361 536 4424 dt
551 4283 594 4420 lu
610 4350 690 4420 Clos
706 4378 715 4422 :
730 4344 1014 4422 animadversiones
1025 4371 1132 4418 tamen
1149 4347 1216 4422 suas
1230 4345 1350 4448 scriptis
1367 4366 1434 4418 tra-

78 4442 234 4523 diderunt·
275 4456 317 4523 Et
357 4448 463 4523 uidem
488 4453 533 4521 D.
561 4446 704 4517 Perrault
725 4470 796 4542 quae
824 4443 882 4515 [ιιι
895 4447 1109 4516 concretionis
1126 4456 1159 4518 δι
1179 4443 1338 4516 firmitatis
1357 4466 1436 4512 cau-

77 4534 115 4611 se
126 4548 238 4640 paucis
251 4474 413 4644 exposuit.
435 4547 512 4616 Hoc
524 4547 613 4614 enim
623 4565 849 4638 argumentum
862 4540 968 4636 postea
979 4546 1012 4610 in
1024 4539 1084 4610 suis
1108 4539 1331 4612 tenrarninibus
1346 4537 1437 4634 Php.
1512 4538 1515 4543 '

80 4632 147 4711 ficis
168 4640 315 4714 uberiori
340 4637 424 4739 stylo
442 4640 485 4709 est
502 4635 678 4737 persecutus
701 4695 712 4725 ,
736 4636 791 4707 ubi
815 4635 1071 4732 coagulationem
1093 4660 1225 4705 omnem
1248 4642 1280 4703 dt
1301 4629 1438 4704 firmita-

77 4755 147 4811 tem
161 4763 201 4813 ex
224 4741 394 4840 principiis
412 4734 606 4813 nuchanicis
623 4733 774 4820 deduxit,
798 4758 867 4808 non
886 4755 925 4802 ex
943 4739 1059 4807 atomis
1078 4730 1214 4805 hannis
1229 4752 1308 4825 quas
1322 4734 1356 4807 in
1379 4725 1443 4816 c'is·¹
