3720 5430
262 348 618 433 ternanta
678 352 1019 434 aristonis.
1064 352 1216 434 mar.
1408 380 1429 464 ς

65 452 136 531 sent
149 457 185 528 &
197 452 346 526 uidissent
367 510 378 542 ,
400 460 523 553 quique
542 455 624 528 nulli
641 451 730 526 scciae
744 457 833 528 velut
851 461 946 548 jurati
964 453 1061 527 essent
1084 459 1228 546 addicti,
1251 480 1333 557 quos
1356 487 1430 534 om·
1505 510 1509 517 -

63 576 109 627 ne
119 546 200 624 disci
223 550 363 622 linarum
371 575 473 648 genus
482 550 663 624 oblectaret
678 556 829 648 quidem,
845 549 897 624 sed
910 576 1009 623 unam
1029 574 1137 623 tamen
1161 578 1199 623 ex
1218 558 1256 628 iis
1281 583 1344 653 prae
1370 584 1427 630 (ω-

65 653 145 720 teris
157 577 313 719 colerent.
339 648 414 719 Hos
427 647 584 749 deligendi
601 654 753 720 Domino
767 648 904 719 Colbett
927 673 1028 737 cura,
1054 672 1090 720 ut
1112 651 1270 729 diximus,
1296 656 1425 752 aRrgc

66 741 134 818 fuir
155 744 357 815 demandata·
384 748 423 813 ln
443 769 512 840 quo
536 746 668 840 quidem
693 747 778 816 idem
801 748 953 833 judicium
977 754 1011 816 δι
1035 747 1180 816 eamdem
1199 746 1422 846 diligentiam,

66 865 134 938 qua
150 846 185 914 itt
196 843 344 912 maximis
358 835 453 909 rebus
468 847 516 911 uti
528 837 649 912 solebat
664 898 673 928 ,
687 839 842 915 adhibuit.
865 844 916 912 Ac
934 865 1046 938 praetet
1060 865 1115 911 eos
1131 846 1188 937 qui
1203 838 1223 910 it
1238 841 1331 915 nobis
1352 841 1425 920 sunt

67 944 232 1012 nominati
254 996 265 1026 ,
290 939 410 1036 quique
425 935 466 1006 ad
488 934 662 1009 Mathefim
681 942 841 1035 imprimis
859 941 1003 1009 animum
1016 939 1245 1031 adjunxerant,
1269 937 1330 1009 hos
1354 940 1425 1013 ele.
1459 994 1461 998 ,

92 1039 194 1133 itqui
210 1032 345 1134 phpficis
366 1037 403 1103 in
425 1030 518 1104 rebus
540 1035 692 1104 excellere
712 1040 817 1133 magis
837 1032 1026 1106 videbantur
1047 1091 1058 1120 ,
1088 1038 1133 1108 D.
1155 1034 1194 1103 de
1211 1033 1242 1108 la
1256 1034 1423 1111 chambre

114 1133 247 1203 edicum
257 1133 356 1229 Regis
371 1128 592 1218 ordinarium,
611 1133 658 1205 D.
672 1133 816 1204 Perrault
827 1136 920 1202 omni
931 1155 1046 1228 genere
1057 1132 1280 1201 Scienriarium
1293 1156 1423 1204 natura.
1479 1151 1484 1158 ·

68 1225 160 1300 lium
171 1227 387 1324 praestantem,
409 1228 456 1298 D.
474 1230 520 1296 D.
542 1228 584 1297 du
599 1227 680 1298 Clos
694 1237 728 1300 δι
741 1228 911 1298 Bourdelin
926 1232 961 1297 in
978 1226 1126 1324 Chymiae
1148 1224 1308 1297 laboribus
1325 1229 1419 1300 valdd

65 1329 277 1409 exercitatos,
290 1326 338 1395 D.
348 1326 546 1414 D.Pecquet
563 1331 597 1396 δι
617 1328 729 1422 Gayen
749 1326 931 1397 Anatomiae
955 1327 1094 1421 petitos,
1121 1327 1166 1396 D.
1189 1323 1365 1396 Marchant
1384 1328 1420 1397 in

66 1422 230 1496 Botanlcis
242 1422 402 1517 imprimis
414 1416 584 1493 versatum.
621 1425 733 1492 Paucis
743 1441 816 1490 ante
831 1417 988 1492 menfibus
1000 1421 1117 1488 eodem
1131 1442 1183 1488 me
1202 1416 1327 1489 honore
1339 1418 1422 1494 affe.

65 1538 176 1601 cerat,
189 1536 290 1612 atque
301 1538 339 1584 ut
351 1513 549 1610 loquuntur,
560 1519 771 1587 §ecrerarium
783 1518 962 1587 Academiae
973 1512 1202 1613 dehgnaverat,
1213 1538 1328 1610 utquae
1341 1542 1422 1614 pro,

65 1634 286 1714 ponerentur,
302 1607 424 1708 scriptis
433 1616 613 1708 exciperem
624 1669 635 1700 ,
648 1619 681 1682 &
696 1617 730 1681 in
742 1616 1004 1684 Commentarios
1022 1607 1173 1680 referrem
1195 1636 1203 1682 ε
1225 1610 1366 1708 utrisque
1385 1622 1422 1688 δε

67 1711 299 1781 Geometris&
311 1703 451 1805 Physicis
464 1708 647 1803 adjunxerat
657 1714 785 1799 juvenes
796 1712 926 1806 ingenio
940 1715 972 1779 δι
984 1703 1113 1778 scientia
1124 1707 1311 1801 praestantes,
1323 1715 1418 1782 D.D.

68 1805 219 1901 Niquet,
232 1802 377 1900 Conplet
391 1859 402 1889 ,
415 1803 547 1892 Richer,
561 1809 681 1889 Pivcrt,
691 1805 825 1872 d'nvois
834 1802 954 1873 &alios
964 1798 1120 1896 quosdam
1133 1804 1349 1898 pereruditos‚
1361 1811 1421 1902 qui

66 1902 177 2000 postea
191 1897 326 1997 publicis
336 1895 483 1990 operibus
495 1925 611 1999 magna
624 1924 698 1968 cum
715 1898 805 1968 laude
818 1896 1021 1995 praefuerunt.
1364 1976 1368 1980 ,

113 2001 176 2068 111.
207 1999 274 2067 Die
287 2024 337 2070 22.
355 1993 545 2067 Decembris
558 1999 634 2065 anni
648 2007 740 2066 1666.
755 1994 823 2065 duae
844 1993 904 2062 illae
927 1999 1103 2064 Societates
1122 1999 1156 2064 in
1170 2020 1268 2067 unam
1294 1995 1423 2070 coalue⁴

66 2104 124 2181 he,
143 2118 182 2162 ac
201 2096 384 2163 Geometrae
409 2088 502 2161 fimul
528 2101 562 2164 δι
586 2087 711 2188 Physrci
735 2094 768 2158 in
792 2090 900 2160 aulam
928 2092 1040 2187 Regiae
1075 2087 1281 2163 Bibliotheca
1303 2117 1420 2166 conve·

68 2212 202 2275 nerunt,
216 2183 272 2257 ubi
300 2192 347 2261 D.
370 2187 409 2258 de
432 2190 573 2258 Carcavi
584 2211 656 2282 quae
667 2180 742 2258 esset
764 2190 796 2257 R
840 2191 864 2256 is
890 2186 1039 2254 voluntas
1058 2188 1227 2282 exposuit,
1244 2215 1312 2283 quo
1336 2214 1421 2261 cott-

68 2282 141 2357 filio
164 2309 222 2355 eos
238 2283 442 2353 convocasset
456 2340 467 2372 ,
483 2307 599 2382 nempe
616 2305 652 2354 ut
676 2306 788 2353 omnes
799 2211 932 2353 limma
959 2281 1062 2351 studio
1086 2289 1119 2353 de
1136 2309 1210 2354 cnra
1228 2290 1260 2356 in
1282 2313 1420 2384 promo.

72 2382 182 2452 vendis
194 2382 244 2450 his
259 2376 430 2476 disciplinis
449 2377 651 2449 elaborarent
673 2436 684 2465 ,
708 2377 752 2448 ob
780 2377 811 2446 id
844 2377 984 2448 maximi
1010 2379 1031 2446 Ta
1057 2382 1103 2448 D.
1128 2377 1263 2450 Colbert
1280 2382 1423 2458 delectos

72 2473 182 2564 faisse,
193 2498 230 2547 ut
249 2475 370 2571 aliquid
382 2477 424 2546 ad
436 2473 601 2575 publicam
618 2473 790 2548 utilitatem
810 2481 843 2547 de
863 2474 902 2542 ad
915 2475 1014 2568 Regis
1025 2471 1164 2569 gloriam
1178 2472 1350 2572 spedabile
1361 2469 1422 2549 ef.

67 2568 211 2647 fluerent.

124 2676 167 2738 ln
179 2695 221 2738 eo
240 2669 400 2766 congressu
417 2669 631 2744 deliberatum
645 2669 875 2742 fuitutrumex
889 2668 1076 2768 Physicis&
1092 2669 1334 2741 Mathematicis
1358 2694 1423 2744 una

70 2766 252 2842 decadem.
265 2791 307 2834 an
323 2767 439 2866 duplex
460 2772 601 2842 Societas
626 2765 835 2853 coalesceret,
860 2791 902 2838 an
922 2770 1033 2861 utique
1057 2765 1122 2835 uni
1143 2821 1154 2852 ,
1176 2790 1231 2837 aut
1251 2763 1421 2867 separatim

69 2865 291 2936 convenirent.
327 2867 491 2936 Omnium
508 2888 590 2961 pene
606 2888 645 2934 ea
660 2863 724 2934 suit
740 2858 891 2933 sententia
912 2860 1022 2933 ambas
1039 2865 1241 2950 Societates‚
1264 2889 1335 2957 qua:
1362 2863 1422 2937 srbi

73 2982 199 3031 mutuas
236 2958 358 3030 raestant
377 2985 520 3058 operas,
543 2961 677 3059 separari
692 2982 760 3029 non
783 2982 942 3056 oportere.
987 2960 1055 3053 Qi
1070 2961 1156 3027 euim
1175 2964 1209 3028 in
1238 2961 1421 3048 Mathemaf

73 3059 142 3127 eicis
164 2984 338 3149 disciplinis
363 3055 573 3153 praecellunt,
595 3056 694 3127 iidem
713 3052 780 3124 fere
807 3059 828 3125 a
848 3048 1053 3150 Philosophia
1071 3056 1206 3126 naturali
1218 3050 1288 3127 sunt
1305 3059 1423 3129 instru.

74 3151 117 3221 &i
130 3207 140 3232 ,
152 3173 191 3220 ae
207 3152 459 3222 Geometrarum
473 3160 666 3223 accurata&
688 3145 787 3219 solida
811 3148 1024 3219 concludendi
1039 3153 1122 3219 ratio
1134 3149 1292 3246 nusquam
1310 3154 1421 3226 utilior

72 3250 191 3318 viderur
212 3302 222 3331 ,
247 3243 350 3340 quarn
374 3249 581 3318 Eruditomm
600 3249 753 3317 Societati
775 3299 786 3323 ,
812 3243 868 3315 ubi
888 3241 985 3315 facile
1005 3245 1026 3316 ai
1044 3244 1362 3342 propofitorbduci,
1386 3256 1424 3324 δε

76 3350 147 3437 conj
165 3343 265 3411 dirutis
284 3367 440 3440 tanquam
461 3338 782 3414 demonstrationibus
802 3346 850 3413 vis
869 3348 902 3415 δι
916 3345 1041 3438 pondus
1052 3342 1126 3412 addi
1140 3336 1231 3418 solet.
1249 3349 1292 3414 Ex
1307 3350 1424 3443 priori.

76 3433 137 3523 bus,
149 3442 339 3509 Geomerria
353 3438 466 3535 probat
476 3437 693 3535 insequentia,
706 3461 744 3506 ex
764 3441 858 3508 certis
873 3438 1005 3510 incerta.
1031 3440 1126 3534 Apud
1140 3462 1194 3507 eos
1211 3438 1288 3508 illud
1304 3443 1346 3510 cll
1364 3468 1424 3513 ca-

76 3533 166 3631 pitale
195 3537 227 3602 in
250 3535 505 3633 Paralogilmum
523 3540 683 3604 incurrere
705 3567 716 3622 3
746 3531 919 3627 fimplicior
939 3532 1071 3604 demum
1086 3532 1152 3604 haec
1170 3535 1213 3603 est
1237 3542 1268 3606 &
1285 3532 1425 3607 severior

76 3630 222 3700 docenda
241 3632 381 3702 veritatis
403 3635 487 3700 ratio
516 3657 525 3702 ι
561 3654 637 3705 nam
655 3629 696 3700 ad
717 3631 887 3701 veritatem
910 3629 1054 3718 nititur,
1081 3652 1148 3703 non
1173 3631 1214 3700 ad
1237 3629 1426 3705 ostentatio·

72 3749 150 3797 nem

117 3852 144 3897 2.
155 3831 198 3896 Ea
213 3826 259 3894 cll
271 3830 355 3897 inter
364 3825 532 3923 Phyficam
550 3836 583 3899 δι
602 3822 778 3900 Mathefim
791 3826 963 3922 cognatio,
976 3847 1013 3898 ut
1030 3850 1129 3897 unam
1142 3825 1290 3899 abaltera
1302 3824 1423 3929 lijtrngi

73 3942 143 3989 non
166 3947 314 4017 oporteat
335 3949 343 3990 r
368 3949 445 3992 narn
467 3948 616 3995 motuum
642 3923 776 4020 leges&
796 3925 944 4019 gravium
963 3917 1123 3994 descensus
1144 3981 1154 4010 ,
1181 3928 1259 3994 a'c'rir
1283 3933 1314 3998 δι
1338 3924 1423 3996 alio.

73 4039 149 4087 rum
164 4041 333 4114 corporum
348 4023 394 4088 vis
408 4019 554 4106 classica,
571 4019 700 4092 luminis
715 4015 843 4089 reflexio
863 4025 896 4087 dc
923 4018 1098 4105 refrasliO,
1125 4022 1280 4114 quidquid
1291 4024 1423 4091 dentum

71 4116 110 4183 ad
124 4106 227 4182 visum
241 4120 374 4209 pertinet
388 4173 397 4199 ‚
413 4115 463 4185 vel
475 4141 522 4183 au·
539 4123 621 4187 itum
635 4174 645 4201 ,
663 4114 780 4184 Mundi
794 4109 928 4208 systema
939 4173 948 4200 ,
960 4139 1134 4209 corporum
1159 4117 1232 4186 roelt
1243 4117 1333 4185 llium
1348 4140 1422 4182 mo.

73 4229 140 4296 tus,
153 4232 252 4299 atque
263 4214 290 4276 id
302 4236 399 4281 omne
412 4214 501 4306 quod
513 4215 551 4279 ..ἀ
564 4216 718 4281 Staticam
732 4203 865 4300 speetu,
876 4207 1062 4277 animalium
1074 4236 1104 4278 or
1112 4236 1193 4287 uara
1206 4214 1245 4280 ad
1260 4214 1280 4279 lt
1289 4237 1342 4308 ges
1356 4235 1424 4278 me.

73 4302 218 4375 characis
231 4329 336 4401 aptata
354 4364 363 4392 ,
379 4332 419 4377 ne
447 4313 499 4377 vix
521 4309 650 4402 quidem
676 4302 802 4403 possunt
822 4299 886 4370 sine
903 4303 1011 4398 aliqua
1039 4287 1222 4377 Mathrsros
1238 4307 1424 4404 cognitione

105 4406 168 4481 rrir
181 4405 203 4473 i.
230 4406 306 4473 Nec
322 4401 389 4472 sere
415 4403 477 4474 alia
500 4409 582 4473 ratio
604 4397 710 4471 asherri
730 4399 834 4497 potest
857 4424 912 4467 cur
925 4397 1057 4470 Phifica
1070 4423 1120 4471 tot
1136 4429 1221 4472 retro
1234 4400 1350 4471 faculis
1369 4425 1424 4467 ve-

72 4426 119 4568 hit
134 4494 244 4567 cilcrra
263 4508 293 4565 de
314 4499 421 4570 sterilis
434 4495 657 4598 permanserit,
678 4523 716 4567 ac
739 4495 843 4566 nullos
865 4521 945 4589 pene
967 4493 1078 4570 fecerit
1094 4496 1294 4665 progressus,
1322 4501 1424 4590 quam

1107 4612 1422 4687 uuum,pssun&

10 4654 14 4689 ,
75 4598 159 4681 qtrod
191 4591 433 4666 Mathematiroe
461 4592 632 4692 disciplina
657 4593 697 4663 „b
716 4599 754 4664 iis
777 4593 833 4689 qui
855 4590 1022 4685 Phylleam
1053 4620 1093 4664 co

10 4770 18 4797 Ι
73 4691 179 4788 glrslae
196 4688 329 4760 fuerint.
354 4695 403 4761 ilc
419 4693 524 4758 nostra
539 4694 669 4784 quidem
684 4714 776 4760 aetate
792 4690 849 4772 qui
871 4685 1010 4784 Phylea
1034 4700 1154 4785 majora
1184 4686 1357 4758 attulerunt
1375 4686 1426 4756 in.

10 4814 12 4849 ι
76 4809 232 4863 crementa
247 4841 260 4876 ,
276 4786 375 4863 iidem
386 4782 527 4861 h'latlresr
543 4791 701 4889 imprimis
717 4785 835 4861 exculti
854 4780 1003 4888 suerunt.
1020 4808 1054 4862 ιιι
1065 4778 1426 4953 ῦιΙίἱιᾸυιῆῼιιΙΓιιιιίιιε,

1227 4901 1259 4977 ur
