3646 5430
427 409 775 484 ACADEMIAE
815 408 1156 487 HISTORIA.
1193 415 1331 491 han.
1471 442 1529 511 ¹49

177 530 244 580 nun
258 508 513 620 magnitudinem
531 504 624 578 liceat
640 507 916 625 dimetiri‘lujut
939 509 1138 581 instrumenti
1163 507 1221 583 usu
1245 508 1412 611 exposito,
1435 511 1526 589 fimul
1546 511 1651 588 Germ.

180 609 210 674 dt
225 604 356 677 brevem
368 603 448 699 legit
461 605 637 675 tradiatum
650 604 689 672 de
701 624 824 675 ratione
836 605 1020 676 dimetiendi
1032 606 1205 679 diametros
1226 613 1322 680 Lunae
1340 616 1373 680 δε
1388 608 1525 683 aliorum
1573 609 1614 682 ὠ·

183 693 302 772 liderum
319 725 384 798 ope
396 694 580 799 Telescopii
604 696 728 768 duobus
747 703 837 772 vitris
852 698 1021 787 objestivis
1036 700 1181 774 instructi
1197 730 1268 802 quae
1296 706 1463 785 admoveri
1492 716 1527 781 δι
1540 702 1657 786 Mccb.
1784 794 1787 801 Ι

187 801 328 868 removeri
344 795 475 893 poliunt
492 800 551 886 ;in
563 793 642 865 foco
654 790 708 865 fila
719 794 922 868 cancellatim
933 794 1090 868 decussata
1101 799 1313 874 collocantur.

223 895 304 965 Cum
316 890 408 1005 liella
421 895 541 964 Martis
554 911 688 963 exeunte
699 914 786 961 anno
798 889 875 965 esset
890 892 1092 980 stationaria,
1105 896 1359 997 eam-diligenter
1369 906 1403 973 ἃ
1417 895 1526 1001 stpiur

191 983 347 1061 observavit
363 992 407 1060 D·
428 984 602 1076 Celsinus,
622 981 745 1059 stfortd
756 995 825 1084 ejus
836 987 1023 1088 parallaxim
1035 995 1203 1066 inveniret.

191 1166 1488 1205 ——-.-...-..-—...——-.—-—

563 1287 893 1373 CAPUT
1015 1294 1105 1378 II.

479 1497 533 1564 De
549 1477 689 1562 nibella
709 1479 800 1591 asta,
822 1482 885 1562 aba·
915 1479 957 1561 de
983 1481 1215 1573 Machanica's.

173 1666 206 1734 1
304 1661 385 1733 ΠΜ
413 1658 491 1732 illud
513 1657 675 1757 placuisset
703 1665 789 1760 Regi
817 1660 1118 1751 christianissimo,
1152 1686 1188 1735 ut
1209 1688 1300 1763 aqua
1321 1671 1427 1766 quoad
1457 1670 1527 1746 fieri

303 1756 406 1855 poll'et
430 1754 640 1828 saluberrima
668 1758 824 1832 Versale
854 1759 872 1828 ὲ
897 1761 1011 1829 vicinis
1036 1759 1115 1831 locis
1139 1760 1330 1833 ducerentur
1355 1793 1363 1835 a
1393 1792 1464 1862 quae
1491 1774 1528 1841 in

174 1857 301 1927 Mo'ntis
323 1857 564 1951 Roquencurtii
583 1853 669 1924 clivo
689 1851 796 1924 insunt
823 1875 859 1924 ut
882 1856 1081 1942 viciniores,
1110 1861 1154 1927 ita
1179 1864 1213 1928 δε
1238 1855 1424 1931 salubriores
1453 1862 1528 1937 sunt

173 1948 352 2051 proposita.
384 1950 448 2023 Sed
475 1974 550 2020 cum
563 1947 625 2019 illa:
639 1948 694 2021 sub
714 1954 724 2019 i
749 1947 780 2020 sa
804 1955 923 2020 montis
937 1949 1068 2046 planitie
1083 1978 1116 2042 ¹9
1130 1978 1266 2050 orgyas,
1286 1951 1337 2023 seu
1349 1954 1528 2055 hexapedat

175 2045 315 2146 depresst
337 2047 474 2132 forent,
499 2045 563 2116 hoc
578 2043 668 2115 fastu
682 1977 909 2117 dillcillimum
932 2045 1098 2118 videbatur
1119 2103 1130 2134 ‚
1152 2057 1187 2120 dc
1215 2047 1309 2119 valde
1336 2055 1496 2124 incertum
1515 2075 1535 2146 ‚·

173 2165 210 2212 an
226 2149 314 2214 incra
337 2167 408 2216 turn
427 2140 505 2214 illud
520 2141 601 2213 bene
616 2143 812 2239 procederet.
838 2147 917 2213 Hoc
947 2146 1045 2240 igitur
1064 2147 1187 2242 negotii
1207 2149 1259 2217 D.
1284 2147 1396 2218 Picard
1416 2147 1528 2224 datum

173 2239 233 2329 cll,
255 2263 293 2310 ut
312 2171 463 2311 lbcorum
484 2237 665 2309 altitudines
684 2238 724 2308 ad
748 2235 890 2309 libellam
919 2241 1119 2334 expenderet.
1153 2241 1254 2338 Qod
1273 2238 1314 2311 ab
1338 2267 1378 2312 eo
1401 2242 1528 2319 fastum

172 2331 230 2407 suit
246 2358 303 2434 per
322 2361 355 2408 te
397 2339 471 2406 tiras
491 2331 748 2421 librationes,ac
761 2333 890 2404 tandem
913 2332 1006 2425 hujus
1027 2337 1147 2404 montis
1171 2359 1264 2429 aqua
1283 2342 1316 2405 in
1340 2362 1440 2408 unum
1456 2339 1530 2411 col·

172 2429 259 2504 lecta
283 2439 349 2503 Ver
363 2429 439 2501 alias
452 2426 634 2528 usquesnnt
649 2430 802 2502 deduClae.
834 2428 872 2497 ld
887 2423 991 2527 ipsum
1013 2434 1047 2498 in
1068 2428 1138 2498 aliis
1158 2426 1302 2500 fontibus
1322 2433 1362 2501 ad
1386 2431 1532 2509 libellam

172 2530 291 2599 tranis
301 2547 457 2599 enitatum
471 2535 505 2600 δι
525 2524 705 2623 perfestum
725 2525 800 2598 suit.

221 2629 271 2694 11.
291 2622 393 2721 Qod
423 2624 469 2697 D.
495 2627 534 2692 de
556 2620 586 2691 la
614 2625 697 2692 Hire
720 2644 957 2693 commemorat
976 2623 1010 2690 in
1037 2622 1239 2694 tractanda
1262 2619 1369 2693 libella
1391 2630 1425 2696 δι
1445 2623 1532 2699 illius

176 2717 258 2807 usar,
303 2743 378 2788 uem
394 2742 479 2790 anno
495 2722 578 2810 1684
591 2722 623 2785 in
636 2716 743 2787 lucem
762 2720 859 2788 edidit
871 2720 917 2806 ,d
936 2724 980 2791 D·
1003 2720 1113 2788 Picard
1134 2718 1349 2806 inchoatum,
1366 2713 1419 2791 sed
1442 2746 1530 2792 non-

170 2816 246 2887 dum
310 2810 471 2901 solutum,
487 2840 546 2886 nec
563 2812 884 2885 demonstrationibus
893 2817 1054 2885 munitum
1067 2869 1078 2900 ,
1092 2814 1190 2905 illud,
1209 2819 1365 2910 inquam,
1391 2818 1528 2890 minime

170 2908 423 3010 pratereundum
445 2933 549 3008 puto,
564 2908 652 3006 qudd
666 2906 717 2977 vel
731 2934 769 2985 ex
782 2906 846 2978 boc
861 2934 927 2979 uno
941 2908 1063 3005 liquere
1086 2907 1180 3005 poffit
1200 2908 1350 3008 exemplo
1368 2915 1399 2980 id
1423 2910 1530 3009 ipsum

168 3009 257 3104 quod
278 3010 315 3077 in
340 3005 454 3077 limine
479 3006 572 3102 hujus
588 3007 692 3100 operis
712 3004 825 3076 leviter
845 3009 1010 3102 attigimus
1031 3059 1041 3089 ,
1062 3028 1129 3074 non
1151 3004 1297 3081 inutilem
1329 3004 1391 3077 elie
1418 3009 1530 3088 erudi.

145 3153 148 3158 -
168 3124 277 3176 torum
299 3125 446 3191 coemm,
465 3107 522 3199 qui
535 3106 665 3171 inventa
676 3123 731 3172 aut
748 3105 929 3196 excogitata
950 3097 991 3169 ab
1004 3098 1172 3198 ingeniolis
1184 3104 1260 3172 vitis
1274 3100 1458 3199 diligentius
1470 3127 1529 3174 ex-

167 3201 327 3298 pendant,
343 3222 384 3270 ne
396 3196 481 3270 forte
497 3195 639 3296 sumptus
656 3198 821 3266 immodici
835 3201 868 3266 in
888 3220 935 3266 res
950 3200 1076 3292 penitus
1092 3197 1220 3269 inutiles
1239 3252 1250 3284 ,
1267 3223 1308 3269 nc
1330 3198 1434 3272 dicam
1460 3204 1526 3273 im-

165 3294 332 3393 possibiles
356 3297 592 3393 impendantur.
636 3291 697 3361 Sed
717 3316 754 3365 ut
770 3292 811 3362 ad
827 3316 897 3364 rem
917 3287 1019 3391 ipsam
1041 3296 1206 3366 veniamus
1227 3349 1237 3381 ,
1259 3318 1380 3391 magno
1402 3300 1452 3366 vir
1474 3298 1528 3366 in-

165 3397 263 3556 genio
277 3450 289 3479 ‚
305 3395 429 3487 quique
450 3393 578 3462 Oceani
593 3412 667 3458 cum
694 3394 776 3459 mari
798 3391 1038 3459 Mediterraneo
1058 3413 1115 3483 per
1135 3391 1318 3479 interjestos
1342 3389 1466 3461 canales
1491 3397 1528 3462 δι

165 3481 1530 3680 aliti:delibili.lilimllrgllv‘lelss.{liilllllltffzill

173 3679 294 3774 Ligeris
308 3681 457 3772 Sequana
467 3677 571 3747 multo
585 3674 622 3745 sit
639 3676 734 3745 altior
744 3700 752 3744 ε
764 3675 889 3742 adeout
902 3695 970 3740 non
982 3667 1141 3739 dubitaret
1150 3673 1229 3764 quin
1244 3693 1329 3764 aqua
1348 3671 1470 3766 Ligeris
1487 3672 1529 3744 ad

174 3793 321 3843 montem
348 3770 449 3867 usque
472 3776 733 3857 Santauriacum,
755 3767 830 3839 hinc
845 3761 1002 3842 Versalias
1025 3760 1150 3860 delapsa
1171 3789 1292 3862 magno
1314 3762 1389 3835 huic
1417 3769 1530 3867 Regia

172 3866 372 3938 domuiellet
387 3890 590 3939 ornamento.
620 3868 669 3935 Ac
683 3887 783 3963 prope
805 3885 872 3934 erat
885 3884 921 3933 ut
939 3885 989 3931 res
1009 3856 1075 3960 ipsa
1096 3865 1277 3929 executioni
1300 3864 1530 3958 mandaretur3

170 3959 230 4035 sed
243 3959 398 4034 iusumest
417 3965 501 4061 Regi
521 3958 745 4060 sapientissimo
762 3959 970 4032 Academiam
994 3956 1085 4028 eade
1109 3977 1229 4026 reante
1243 3956 1417 4032 consulere.
1460 3965 1531 4033 Ita.

170 4083 243 4157 que
257 4055 338 4128 hanc
358 4063 557 4158 provinciam
581 4062 626 4130 D.
653 4057 788 4143 Picard,
806 4062 895 4149 cujus
916 4050 1078 4123 solertiam
1097 4061 1132 4123 ἀ
1154 4051 1352 4150 diligentiam
1377 4053 1456 4151 sape
1476 4082 1531 4127 ex.

168 4179 285 4255 pertua
298 4152 419 4242 fuerat,
436 4155 639 4225 demandavit
664 4178 673 4223 a
695 4172 831 4222 exeunte
844 4146 951 4219 mense
969 4145 1149 4242 Septembri
1163 4173 1226 4217 una
1240 4174 1315 4220 cum
1337 4155 1382 4222 D.
1403 4155 1532 4242 Niquet

192 4249 339 4324 rofedhu
350 4254 415 4338 est,
437 4276 473 4321 ur
486 4273 603 4347 magna
615 4271 771 4320 terrarum
787 4243 884 4342 spatia
900 4240 1054 4312 Versalias
1068 4247 1196 4314 inter&
1212 4248 1353 4343 Ligerim
1367 4247 1406 4312 ad
1417 4244 1532 4315 Libel-

167 4279 235 4422 lam
246 4354 422 4445 erigerent.
457 4347 540 4417 Illud
559 4370 625 4415 non
641 4341 786 4440 fugiebat
799 4344 845 4413 D.
862 4338 976 4412 Picard
989 4341 1138 4408 Domino
1153 4341 1302 4432 Riquet,
1332 4343 1389 4436 qui
1413 4341 1532 4411 author

168 4445 262 4538 buius
279 4441 404 4514 confilii
428 4465 523 4528 erat,
545 4441 578 4509 id
591 4438 683 4512 fuisse
695 4433 895 4537 propofitum
913 4457 949 4506 ut
966 4458 1085 4527 aquam
1113 4434 1131 4504 ὲ
1157 4437 1265 4599 Ligeri
1282 4435 1365 4506 ultra
1385 4435 1534 4509 canalem

170 4546 338 4613 briareum
351 4540 518 4611 derivaret.
544 4541 583 4607 In
596 4535 661 4610 hoc
673 4538 770 4634 igitur
781 4528 979 4632 potiffimum
994 4528 1140 4600 incubuit
1151 4552 1187 4600 ut
1224 4542 1295 4616 ujus
1311 4529 1427 4599 canalis
1440 4527 1532 4599 falli.

193 4643 224 4707 'o
241 4661 320 4707 cum
344 4633 493 4708 versaliis
509 4631 627 4705 collato
643 4626 806 4726 utriusque
821 4628 996 4699 altitudinis
1011 4623 1226 4697 differentiam
1248 4621 1442 4723 perspesiam
1474 4623 1534 4692 ha.

167 4661 272 4807 Feret.
306 4736 395 4802 Inito
411 4728 537 4801 calculo
562 4783 573 4815 ‚
599 4735 633 4800 δε
657 4726 737 4798 locis
759 4726 935 4817 interjeclis
959 4722 1001 4792 ad
1023 4719 1167 4794 libellam
1189 4721 1354 4807 diligenter
1378 4715 1536 4817 perpensis

170 4853 300 4932 mm
319 4826 411 4909 illam
431 4823 549 4920 canalis
574 4825 717 4914 Briarei,
730 4844 796 4921 qua
816 4815 1003 4896 uanfiturur
1018 4839 1086 4896 etat
1106 4839 1198 4917 aqua
1216 4797 1536 5010 dictusmpgipenp„
