3646 5430
250 396 574 474 ‘scaurum
607 393 939 477 ursrortra
993 402 1069 477 m.
1100 405 1146 480 rr.
1331 411 1402 505 εις.

157 494 249 588 cuius
263 494 355 596 supra
368 501 593 585 meminimus,
607 506 641 567 de
653 497 831 582 annulum,
849 519 886 567 ut
897 499 1028 569 candida
1040 501 1186 593 quadam
1198 496 1293 576 fascia
1313 525 1384 575 turn
1406 495 1526 588 Astra<

144 597 246 665 zetum
256 592 371 678 fuerit,
382 617 454 687 quae
465 615 570 662 tamen
579 589 674 663 fascia
682 587 843 688 splendida
854 616 947 663 antea
960 589 1024 663 visa
1035 621 1100 664 non
1114 597 1227 670 fuerat·
1406 619 1486 667 nom.

152 689 285 762 Postero
300 687 351 755 die
369 687 438 785 post
454 715 497 779 24
508 686 601 758 horas
614 685 709 758 fascia
731 684 894 758 obscurior
913 696 947 757 in
966 688 1042 759 loco
1058 692 1189 788 pristino
1211 702 1245 766 δι
1273 691 1332 766 stu
1356 693 1387 768 se

144 787 207 855 lam
222 780 374 875 prebuit,
388 807 455 853 non
471 789 549 853 item
563 783 660 853 fascia
675 783 807 854 candida
819 786 852 852 in
897 783 1048 854 osteriote
1064 782 1286 861 observatione
1300 789 1386 863 visa·

143 905 185 952 :ra
205 873 375 949 obscuram
391 877 450 948 alia
462 873 565 948 versus
584 874 721 947 limbum
740 883 775 946 in
794 807 1001 974 conllleslum
1020 884 1108 951 venit
1136 907 1207 975 quae
1229 910 1320 956 antea
1344 848 1392 957 sui

144 1003 166 1045 n
183 998 252 1044 nun
266 970 397 1045 fecerat.
412 981 456 1044 Er
468 972 584 1068 quibus
598 968 768 1069 suspicatus
786 973 830 1041 est
848 975 895 1040 D.
922 971 1042 1044 Caffmi
1062 971 1173 1046 fascias
1196 978 1266 1049 illas
1285 979 1393 1078 splen·

144 1096 174 1142 ts
188 1091 323 1138 omnem
336 1071 461 1138 Saturni
486 1069 644 1139 ambitum
670 1091 736 1137 non
765 1092 947 1165 percurrere
962 1125 973 1155 ,
990 1066 1041 1139 sed
1058 1094 1108 1141 eas
1128 1075 1318 1171 interruptas
1333 1076 1394 1148 else

144 1160 430 1262 puibusiamJovis
452 1159 556 1233 fasciis
576 1167 684 1234 evenit
704 1198 712 1251 3
733 1188 772 1234 ac
786 1167 959 1234 Saturnum
983 1170 1017 1234 in
1036 1166 1097 1237 suis
1118 1171 1202 1238 circa
1229 1194 1321 1242 axem
1342 1197 1395 1244 re-

144 1258 262 1331 rouibus
282 1261 383 1327 modb
405 1284 502 1328 unam
522 1283 560 1328 ex
586 1263 623 1328 iis
649 1254 754 1328 fasciis
776 1316 786 1344 ,
820 1261 920 1328 modo
946 1259 1079 1333 alteram
1101 1260 1194 1333 nobis
1215 1263 1396 1343 obvertere.

150 1376 254 1426 nutu
288 1358 387 1422 Zonae
408 1353 468 1422 illae
485 1355 623 1424 candidae
635 1375 726 1423 antea
740 1352 811 1425 visae
827 1379 894 1423 non
911 1353 1028 1426 fuerint
1049 1415 1060 1445 ,
1082 1357 1161 1426 illud
1187 1385 1254 1428 non
1273 1360 1394 1432 abhot.

148 1444 317 1521 verosimili
337 1471 388 1517 eas
408 1446 538 1518 subinde
551 1446 636 1518 nasei
659 1470 698 1516 ac
713 1449 836 1535 deleri,
863 1472 900 1520 ut
915 1454 948 1519 in
993 1451 1156 1522 uibusdam
1172 1456 1267 1551 Jovis
1295 1463 1398 1530 Zonis

144 1541 353 1630 butracum,
369 1568 439 1639 quae
457 1543 542 1613 illius
557 1566 650 1613 motu
670 1541 808 1641 abreptae
826 1544 927 1615 modb
951 1475 1008 1615 stlb
1030 1544 1141 1617 oculos
1156 1551 1294 1631 cadunt,
1310 1578 1397 1640 ‚cum

144 1641 355 1803 treantpriore
367 1640 504 1713 Planetae
522 1661 656 1725 extant,
677 1641 777 1711 modis
792 1637 1004 1727 evanescunt,
1018 1641 1074 1713 ubi
1088 1641 1128 1713 ad
1150 1667 1273 1742 partem
1291 1649 1399 1747 poste.

144 1758 253 1809 uttan
265 1755 380 1809 terunt.

144 1832 217 1905 dem
229 1832 294 1901 hoc
308 1855 395 1902 anno
409 1836 479 1922 1683
497 1831 565 1902 dure
580 1825 651 1902 visae
666 1828 780 1904 suntin
791 1837 930 1905 Saturno
943 1833 1044 1906 Zonae
1058 1856 1129 1931 quae
1139 1832 1267 1909 alternis
1277 1838 1400 1914 vicibus

144 1922 299 2028 rspeDum
310 1925 504 2014 veniebant,
520 1953 657 2023 quarum
677 1952 740 1997 una
755 1930 849 2000 latior
859 1952 926 2001 erat
938 1929 1047 2003 alters.

146 2027 321 2098 ,Novum
342 2022 550 2095 Phaenomeni
567 2047 665 2117 genus
692 2025 725 2093 in
748 2022 833 2095 colo
855 2025 1060 2122 deprehendit
1085 2031 1130 2097 D.
1154 2023 1273 2099 Callini
1291 2029 1344 2098 die
1367 2036 1401 2105 18

144 2122 162 2190 ii
180 2118 316 2191 :lumen
329 2118 477 2188 videlicet
493 2119 655 2212 quoddam
670 2117 804 2216 obliqud
819 2118 994 2192 secundrlm
1017 2123 1196 2192 Zodiacum
1216 2126 1402 2220 porrestum

157 2238 238 2289 tunc
255 2217 374 2285 Arietis
388 2213 660 2285 constellationem
680 2241 755 2287 corn
780 2215 880 2302 leui,
900 2219 939 2286 ad
958 2216 1101 2289 Pleiadas
1127 2215 1226 2311 usque
1248 2230 1280 2292 δι
1307 2245 1403 2320 caput

144 2310 292 2382 iertendi
309 2309 406 2379 instat
433 2306 594 2380 nubeculae
616 2309 724 2380 aSole
737 2243 895 2381 illustratae
916 2307 1018 2380 visum
1042 2313 1105 2396 est,
1128 2309 1194 2379 fere
1208 2317 1303 2385 instar
1325 2340 1403 2386 cau.

144 2428 290 2494 onmes,
306 2400 364 2477 nifi
378 2404 467 2499 quod
484 2402 536 2474 sua
551 2402 716 2475 latitudine
731 2429 778 2476 ter
794 2429 849 2476 aut
865 2427 977 2500 quater
992 2431 1044 2476 eas
1059 2403 1234 2501 superabat.
1276 2416 1327 2480 De
1341 2408 1405 2480 hoc

144 2496 259 2572 nefaris
269 2501 399 2598 copiosi
411 2505 534 2598 egimus
546 2524 639 2569 tomo
656 2526 678 2590 ς.
705 2496 824 2575 Philus.
834 2521 899 2571 vet.
918 2506 952 2571 δι
979 2526 1056 2573 nov.
1078 2523 1112 2595 p.
1142 2525 1210 2587 ¹75·
1257 2506 1317 2572 Sed
1340 2500 1405 2572 hoc

144 2608 284 2668 mrum
304 2601 339 2668 iu
355 2599 522 2666 volumine
544 2600 646 2693 Typis
670 2600 783 2694 Regiis
800 2596 983 2693 nuperrime
997 2595 1085 2665 edito
1105 2592 1175 2667 fusb
1197 2605 1231 2668 dc
1258 2599 1407 2669 accurat&

155 2688 335 2765 Callluoell
352 2693 581 2789 pertradlatum
605 2746 616 2775 ‚
641 2692 776 2788 longum
791 2689 866 2761 esset
894 2715 931 2760 ac
953 2691 1087 2761 minimi
1107 2689 1312 2763 necessarium
1337 2717 1405 2761 rem

144 2787 274 2861 datione
292 2789 442 2886 quidem,
462 2784 485 2855 si
509 2811 578 2883 quae
599 2782 636 2857 srt
658 2788 719 2858 alia
742 2841 754 2874 ,
774 2787 934 2884 dignam,
958 2782 1010 2858 sed
1037 2784 1198 2857 uberrime
1218 2787 1407 2886 explicatam

144 2909 211 2961 “el

145 2987 188 3053 ll.
223 2983 289 3053 Die
301 2991 341 3070 2'7
355 2986 500 3080 Januarii
521 3004 632 3054 omnes
652 2988 685 3053 in
705 2982 849 3077 Regium
864 2975 1134 3052 Observatorium
1154 3006 1333 3051 convenere
1348 2985 1409 3050 So·

144 3073 257 3175 :lipfim
274 3074 444 3175 spcdraturi
469 3112 478 3164 3
502 3078 632 3148 sednon
660 3077 750 3148 licuit
773 3099 827 3172 per
844 3074 963 3145 roelum
981 3073 1118 3146 nubibus
1141 3074 1350 3150 obdudkum.x
1365 3084 1411 3149 Ea

148 3171 172 3244 a
186 3178 233 3246 D.
248 3175 393 3244 Ro'e'mer
404 3172 533 3244 Hafniae
544 3172 606 3242 fuit
621 3171 785 3244 observata
797 3226 808 3257 ‚
821 3177 853 3240 dc
864 3170 904 3240 ad
918 3171 1128 3242 Academiam
1142 3173 1193 3242 die
1215 3181 1253 3249 28
1280 3171 1410 3244 Februa

144 3264 308 3343 tnstuilsa:
335 3293 405 3364 quae
420 3267 600 3339 observatio
610 3267 701 3338 abeo
713 3270 820 3365 paucis
833 3262 986 3361 descripta
996 3266 1068 3341 fuit.

144 3364 157 3436 l
174 3370 210 3437 iu
221 3369 351 3438 vicinia
366 3363 543 3435 horizontis
558 3364 731 3433 admodum
748 3362 912 3432 laciniatus
929 3366 1061 3459 inrupit
1078 3363 1214 3435 deficere
1231 3364 1303 3437 hor.
1327 3392 1354 3455 3.
1367 3392 1413 3460 54

152 3487 200 3534 ao
215 3461 279 3534 sec.
311 3459 468 3531 Defedllls
491 3463 617 3531 initium
631 3481 696 3529 etat
712 3454 809 3555 paulb
823 3454 906 3523 infra
920 3457 1106 3550 parallelum
1120 3462 1303 3553 AEquatoris
1323 3481 1414 3528 tran·

144 3579 215 3725 ἐἰ
217 3580 274 3654 per
289 3579 435 3627 centrum
446 3554 529 3625 Solis
540 3611 551 3642 ,
564 3553 643 3622 hora
657 3578 692 3640 3,
704 3563 738 3649 58
757 3553 835 3618 min.
848 3545 886 3639 30*
898 3545 960 3621 sec.
972 3549 1091 3619 chorda
1105 3557 1201 3650 partis
1216 3549 1307 3624 limbi
1331 3550 1416 3623 Solis

280 3653 312 3722 di
337 3656 373 3724 it.

144 3680 262 3841 lsra44,
279 3777 293 3839 3
310 3677 388 3819 ἐπίῃ.
407 3744 439 3814 su
464 3752 545 3820 etius
562 3770 663 3819 cornu
674 3744 776 3816 adhuc
793 3762 859 3812 erat
873 3737 970 3839 paulo
980 3736 1064 3810 infra
1075 3740 1260 3839 parallelum
1270 3739 1414 3817 didlum:

144 3899 145 3909 ,
161 3834 254 3916 liabiie
267 3843 313 3914 sol
328 3841 425 3911 nubes
440 3772 664 3914 llorizontales.
1058 3848 1060 3857 '

144 3939 277 4046 andem
292 3937 432 4035 Epistola
445 3941 561 4012 Martis
576 3996 587 4026 ‚
602 3941 690 4034 lovis
710 3993 721 4026 ,
745 3944 778 4009 dc
797 3935 926 4007 Saturni
947 3927 1099 4031 quasdam
1115 3932 1352 4011 obseruationes
1365 3964 1417 4010 te·

144 4052 192 4108 Β.

144 4133 199 4201 ’τα
209 4127 267 4201 bos
283 4129 428 4204 Planetas
445 4133 494 4202 die
509 4129 697 4228 29Januarii
711 4127 794 4225 stylo
814 4129 914 4197 vereri
937 4126 970 4200 h.
997 4149 1022 4198 r.
1042 4126 1111 4225 post
1134 4130 1271 4200 mediam
1286 4133 1417 4201 nossem

144 4229 196 4297 los
207 4222 300 4300 finire
320 4231 353 4297 in
367 4229 696 4325 longitudine,idque
714 4224 855 4294 constare
868 4244 907 4291 ex
920 4218 1193 4296 observationibus
1214 4248 1287 4295 ante
1299 4234 1333 4298 dc
1348 4227 1418 4326 post

144 4344 196 4397 ns.

144 4423 238 4501 '111.
267 4422 312 4490 D.
328 4419 366 4489 de
390 4417 421 4487 la
438 4424 520 4490 Hire
534 4420 725 4518 postremam
733 4416 829 4514 Jovis
843 4420 876 4484 δέ
896 4419 1025 4487 Saturni
1048 4417 1309 4509 conjundlionem
1327 4420 1421 4489 variis

144 4519 176 4585 tis
190 4571 201 4601 ,
215 4518 274 4608 qui
283 4538 394 4585 omnes
409 4518 489 4583 inter
499 4511 530 4585 se
545 4510 795 4596 consentiebant,
810 4534 885 4583 cum
904 4511 1050 4584 accurat&
1065 4506 1318 4597 determinalset,
1340 4513 1423 4582 οᾶο

151 4610 287 4695 diebus,
302 4613 403 4702 quam
418 4609 719 4706 Ephemerideseam
729 4605 898 4694 notabant,
908 4604 1051 4678 accidilse
1062 4609 1232 4702 comperit,
1245 4606 1334 4697 quod
1348 4606 1424 4676 Pla.
1493 4609 1494 4613 ’

144 4728 221 4777 turn
234 4704 375 4776 motibus
389 4703 592 4772 emendandis
605 4704 681 4773 utile
695 4702 840 4773 futurum
856 4705 912 4775 est.
949 4706 1031 4796 Qae
1044 4712 1065 4770 a
1079 4706 1123 4770 D.
1138 4695 1269 4768 Callrno
1282 4699 1366 4770 fasta
1380 4704 1425 4776 est

144 4828 167 4879 u
186 4802 427 4902 coujunstionis
438 4795 638 4907 obsecratio,
654 4803 700 4905 D.¹
712 4801 751 4874 de
766 4798 892 4876 lallite
905 4793 1117 4903 observationi
1128 4796 1428 4961 omuipe'peonciuio
1553 4895 1559 4904 .
