3646 5430
388 378 724 462 'ilCrlDEMlAE
783 384 1122 463 HISTORIA.
1163 376 1288 464 [rai.
1477 421 1515 484 91

166 494 349 573 uiuamus,
364 508 403 557 ut
414 483 567 583 salpetrae,
578 479 629 551 sed
641 482 735 550 instar
747 473 819 552 salis
831 487 1012 553 communis
1024 483 1135 554 oleum
1148 491 1256 556 tartari
1271 510 1327 582 pet
1338 486 1515 583 deliquium
1534 480 1644 580 Plyfi·

165 585 386 682 coagulatum.
411 585 458 652 Er
472 604 540 676 quo
555 576 634 650 illud
653 574 744 649 licuit
760 572 908 676 suspicari
928 573 1026 650 salem
1046 582 1104 678 qui
1119 585 1157 651 iis
1172 587 1264 677 aquis
1285 581 1387 670 inest,
1412 587 1433 653 a
1455 580 1516 657 sale
1532 603 1570 648 ca
1591 603 1652 647 ex·

163 682 329 753 communi
344 704 415 753 non
433 676 572 749 multum
584 669 768 745 abhorrere.
1530 694 1608 774 per..

558 970 598 1056 C
632 970 667 1049 Α
713 971 741 1054 Ρ
777 975 822 1059 U
862 972 903 1052 T
1021 978 1040 1057 I
1096 980 1131 1065 l.

462 1167 517 1237 De
547 1145 756 1261 quibasdam
786 1154 1036 1266 experimentis
1068 1152 1230 1265 Psystris.

167 1354 201 1425 ι
220 1354 283 1523 E
304 1350 337 1417 X
354 1345 417 1418 illis
429 1346 654 1456 experimentis
681 1341 853 1440 Chymicis
878 1346 1038 1419 nonnulla
1060 1345 1303 1448 disceptationes
1329 1367 1409 1418 nara
1440 1344 1527 1439 sunt,

299 1461 412 1541 caeque
428 1465 497 1511 nors
514 1435 653 1512 rnutilcs.
675 1464 700 1513 r.
723 1439 822 1510 Unde
841 1463 891 1512 er.
909 1466 957 1538 gr.
980 1446 1110 1515 aciditas
1123 1469 1195 1541 qut
1209 1449 1242 1513 in
1262 1440 1419 1541 plerisque
1431 1442 1527 1541 plan-

173 1541 294 1618 eisinell
313 1538 470 1622 uberior,
492 1556 601 1606 ortum
619 1529 711 1606 suum
735 1537 840 1608 ducar.
877 1540 988 1631 Atque
1009 1563 1045 1608 ea
1066 1540 1106 1609 de
1128 1562 1161 1608 re
1184 1539 1433 1611 dissertationem
1453 1562 1528 1636 per-

176 1645 266 1713 texuit
285 1640 338 1708 D.
358 1637 403 1704 du
417 1632 508 1705 Clas.
540 1632 627 1701 Cum
649 1635 748 1702 etiam
771 1652 810 1699 ex
831 1634 1034 1707 tenuitate&
1053 1632 1205 1706 densitate
1223 1637 1363 1731 partium
1387 1660 1457 1731 qua
1488 1656 1528 1704 ex

170 1736 282 1836 plantis
305 1742 344 1807 ει
363 1731 457 1827 aquis
474 1724 676 1798 mineralibus
697 1724 923 1815 extrahuntur,
974 1735 1114 1828 racipuae
1137 1753 1247 1800 earum
1271 1725 1455 1803 differentiae
1473 1731 1528 1799 de-

168 1851 382 1931 promantur,
396 1831 430 1895 in
447 1846 515 1921 quo
529 1818 628 1922 posrta
642 1818 680 1891 stt
696 1826 805 1892 raritas
816 1845 872 1893 aut
884 1755 1018 1896 denbtas
1034 1848 1208 1920 corporum
1224 1881 1235 1911 ,
1255 1822 1415 1920 questum
1431 1827 1494 1898 fuit
1515 1851 1525 1896 a

168 1950 264 2022 atque
277 1924 345 1996 boc
353 1942 581 2020 argumentum
596 1940 744 1989 accurare
755 1914 1063 2014 fui'tpertrasiarurn
1075 1918 1095 1989 a
1107 1923 1153 1993 D.
1169 1922 1213 1986 D.
1226 1916 1366 2003 Perault,
1378 1922 1420 1992 du
1434 1920 1529 2013 Cios,

169 2030 201 2096 dt
217 2025 409 2104 Matiotte,
429 2020 489 2114 qui
505 2039 543 2086 ea
564 2015 651 2085 dere
674 2019 709 2085 in
727 2011 957 2086 certaminibus
980 2012 1121 2112 Physicis
1139 2014 1292 2116 peculiari
1316 2013 1530 2090 dissertatione

170 2117 361 2190 sententiam
375 2111 464 2184 suam
482 2107 635 2210 exposuit·

213 2219 272 2287 ll.
300 2213 470 2297 Primum,
485 2230 522 2277 ut
532 2201 599 2277 fuse
609 2205 746 2305 explicat
758 2217 792 2280 δε
804 2207 916 2282 diserte
930 2267 941 2300 ,
955 2216 987 2281 in
1001 2219 1094 2308 aquis
1112 2209 1280 2307 qualitates
1294 2208 1439 2305 quadam
1456 2230 1529 2284 ma·

173 2308 291 2382 nifestae
300 2303 435 2406 sprstari
446 2301 576 2403 poliunt
586 2359 596 2389 ‚
608 2299 809 2407 perspicuitas
822 2360 832 2389 ,
844 2301 936 2402 sapor
946 2363 957 2394 ‚
967 2307 1061 2393 odor,
1071 2306 1215 2404 pondus,
1229 2310 1368 2402 partium
1382 2311 1529 2393 tenuitas,

172 2426 244 2477 rum
261 2427 334 2502 qua
347 2399 547 2471 exhalatione
560 2397 645 2468 facta
659 2403 694 2468 in
707 2394 779 2469 tasc
792 2396 953 2472 subsidunt
966 2458 976 2488 ,
992 2405 1212 2471 concretiones
1230 2403 1369 2494 denique
1387 2399 1531 2498 lapideas,

176 2525 248 2598 quae
264 2507 300 2571 in
312 2495 402 2570 rubis
418 2519 473 2595 ρει
485 2519 566 2594 quos
581 2491 787 2582 deferuntur,
808 2497 968 2566 interdurn
982 2515 1165 2566 cernuntur.

227 2594 363 2670 Pondus
387 2614 537 2689 aquarum
566 2616 622 2690 per
653 2589 882 2662 Ar'eometrum
907 2591 1135 2675 commodius,
1158 2587 1262 2687 quiam
1288 2611 1343 2686 per
1371 2587 1534 2664 bilancem

180 2691 295 2762 baberi
310 2685 505 2786 exploratum
542 2710 623 2759 urar.
646 2683 730 2757 illud
754 2712 853 2784 porro
868 2686 1033 2759 nonaliud
1049 2687 1201 2782 quiddam
1224 2688 1288 2774 est,
1314 2708 1414 2780 quarn
1456 2711 1534 2758 arva

180 2784 322 2884 ampulla
352 2785 450 2855 vitrea
480 2715 614 2880 oblongi
643 2791 676 2856 δι
696 2783 818 2881 angusti
836 2781 937 2869 colli,
955 2787 989 2853 in
1011 2802 1116 2880 partes
1135 2779 1223 2850 divisi
1245 2840 1256 2870 ,
1281 2789 1369 2873 cujus
1388 2713 1534 2854 inilriori

178 2885 259 2981 parri
276 2879 480 2976 aliquantum
505 2879 694 2978 hydrargyri
704 2881 893 2975 imponitur.
918 2884 1000 2950 Haec
1017 2875 1122 2973 phiala
1141 2901 1239 2973 aquae
1259 2875 1406 2946 immersa
1428 2885 1535 2972 majo-

177 2984 202 3048 ri
215 2974 372 3046 facilitate
384 2979 609 3072 immergitur,
631 2974 700 3071 qud
718 2998 801 3068 aqua
814 2968 880 3071 ipsa
893 2976 937 3046 est
950 2973 1074 3057 levior,
1096 2997 1204 3069 quove
1224 2972 1318 3045 altius
1337 2969 1460 3043 collum
1476 2975 1532 3045 de-

177 3075 353 3170 mergitur,
367 3067 433 3140 hoc
454 3096 541 3167 aqua
557 3075 663 3142 minus
684 3073 835 3167 graviter.
873 3081 998 3144 Verum
1012 3092 1052 3139 ex
1066 3068 1125 3139 illo
1138 3069 1348 3140 instrumento
1375 3092 1534 3164 quantum

177 3166 283 3266 liquor
303 3166 423 3263 aliquis
449 3165 550 3236 alium
571 3166 709 3260 ejusdem
741 3165 914 3237 voluminis
944 3167 1085 3263 pondere
1108 3158 1232 3262 superet
1255 3222 1266 3253 ,
1293 3161 1435 3262 dignosci
1465 3191 1534 3238 non

218 3261 261 3333 ilc
288 3266 400 3362 paucis
431 3259 550 3333 abhinc
572 3266 662 3331 annis
683 3266 716 3331 in
745 3262 918 3333 Academia
951 3261 1085 3332 ostendit
1111 3264 1154 3330 Ι).
1191 3261 1362 3358 Homberg
1388 3315 1399 3346 ,
1437 3264 1467 3332 id
1495 3287 1535 3334 tre

174 3289 271 3456 ἴυζε
282 3360 466 3451 accuratius
487 3380 524 3426 rx
544 3355 667 3427 bilance
695 3353 804 3426 haberi
826 3355 934 3456 polit,
963 3354 985 3425 sr
1010 3356 1114 3453 phiala
1138 3358 1327 3452 angustioris
1347 3355 1424 3426 colli
1439 3288 1535 3427 adhi-

176 3451 317 3539 beatur,
339 3474 442 3550 atque
460 3455 495 3521 in
518 3461 586 3546 ejus
612 3457 730 3523 ventris
754 3448 882 3524 summo
899 3450 1028 3523 tubulus
1048 3452 1232 3547 capillatis,
1254 3447 1343 3544 isque
1368 3450 1535 3546 parallelus

177 3548 265 3621 collo
284 3553 429 3644 erigatur
446 3571 543 3618 :nam
560 3546 665 3643 phiala
679 3546 806 3641 liquore
826 3571 965 3642 ursoque
981 3545 1073 3642 plena
1094 3545 1172 3615 dum
1193 3569 1249 3639 pet
1270 3541 1418 3611 eubulum
1434 3545 1535 3644 capil-

179 3641 299 3732 larem,
317 3652 351 3716 &
369 3642 467 3738 longe
484 3642 663 3714 breviorem
682 3642 770 3712 collo
795 3641 906 3712 rslluar
926 3661 1079 3711 accuratae
1103 3638 1220 3708 bilanci
1242 3664 1258 3706 a
1286 3635 1402 3732 pensa,
1429 3662 1533 3733 quan.

183 3757 249 3815 tum
261 3763 345 3811 mus
360 3739 470 3833 liquor
486 3737 586 3810 altero
604 3736 641 3807 srr
658 3739 762 3810 levior
781 3737 885 3808 statim
904 3745 937 3810 &
951 3740 1030 3807 citra
1042 3757 1183 3804 errorem
1194 3664 1369 3805 sensissem
1384 3731 1536 3816 demons-¹

185 3830 278 3905 trabit
294 3863 305 3906 ι
327 3835 392 3932 qual
406 3834 445 3903 de
461 3860 494 3904 rc
508 3831 613 3904 forsan
627 3830 741 3903 redibit
757 3830 872 3905 sermo.

235 3934 301 4002 111.
329 3933 473 4002 Patrium
492 3935 627 4001 tenuitas
644 3951 699 4000 aut
710 3925 866 4000 subtilitas
887 3953 924 4000 rx
936 3933 1030 4001 variis
1042 3927 1166 4002 indiciis
1183 3927 1373 4027 colligitur,
1394 3932 1536 4029 primurn

182 4025 319 4121 quidem
340 4049 411 4096 cum
432 4028 526 4096 citius
552 4023 710 4095 incalescit
739 4050 853 4121 aqua,
891 4027 922 4096 id
947 4032 1025 4096 vero
1059 4023 1193 4122 duplicis
1221 4025 1443 4102 thermomerri
1472 4049 1536 4122 ope

176 4115 341 4218 cognosci
352 4122 450 4217 potest
468 4148 476 4190 :
496 4119 660 4216 utriusque
680 4118 783 4216 globis
803 4126 836 4191 hs
859 4146 977 4217 aquarn
1001 4144 1162 4221 tepentem
1177 4117 1344 4209 demeris,
1368 4121 1536 4214 quousque

183 4213 329 4310 liquores
348 4212 530 4298 ascendant,
557 4238 685 4287 notatur
698 4222 732 4286 in
752 4215 859 4286 rabula
883 4214 1026 4314 apposita
1046 4252 1059 4307 ς»
1079 4220 1166 4311 quod
1182 4217 1341 4310 reliquum
1364 4215 1406 4284 est
1424 4223 1457 4286 &
1480 4238 1537 4283 va·

184 4334 280 4379 cuum
302 4313 337 4380 in
358 4335 495 4405 utroque
520 4309 620 4398 tubo,
644 4319 675 4381 in
700 4334 802 4410 partes
827 4311 964 4406 aequales
986 4312 1162 4399 dividitur,
1191 4336 1226 4382 nt
1241 4314 1280 4382 de
1306 4335 1462 4403 aqrrarum
1486 4332 1537 4381 re-

185 4410 303 4476 nuitate
328 4409 443 4478 certius
459 4408 590 4500 judicari
611 4407 717 4504 poffit.
742 4408 830 4478 Cum
849 4410 937 4477 enirn
963 4431 1033 4479 utra
1056 4432 1094 4481 ex
1116 4405 1235 4478 duabus
1256 4411 1347 4503 aquis
1370 4462 1379 4492 ‚
1404 4405 1539 4479 fontana

186 4506 216 4570 dc
235 4501 354 4591 puteali
374 4500 499 4572 facilius
513 4499 738 4588 incalesceret,
766 4503 886 4599 placuit
908 4502 1097 4600 explorare,
1124 4501 1258 4599 aquales
1277 4499 1438 4598 utriusque
1457 4525 1538 4599 por-

188 4599 285 4665 tiones
305 4591 414 4666 affusa
440 4594 509 4670 sunt
534 4597 658 4669 duobus
679 4597 758 4668 vafis
782 4599 893 4668 itidem
919 4598 1091 4694 aequalibus
1116 4606 1148 4670 &
1177 4596 1315 4691 ejusdem
1342 4593 1499 4666 deusrratis
1523 4653 1538 4684 ‚

188 4714 253 4856 qia
271 4689 336 4761 vasr
359 4694 451 4764 alteri
472 4694 576 4765 multo
604 4695 754 4792 ampliori
772 4718 855 4788 aqua
879 4694 1000 4764 calente
1022 4696 1118 4793 pleno
1143 4693 1213 4763 sunt
1238 4716 1342 4789 aptata
1368 4692 1432 4762 rna
1461 4716 1537 4764 cum

221 4795 422 4862 ermometris
437 4813 598 4887 3tumque
616 4795 761 4889 apparuit
774 4813 894 4886 aquam
915 4788 1083 4895 fontanam
1104 4793 1197 4862 citius
1209 4785 1413 4956 incaleliqere,
1436 4789 1538 4886 quim

1307 4968 1311 4976 .
1372 4907 1393 4975 1Ι
