3646 5430
396 353 433 422 ιῑ
703 334 916 411 'REGl'AE
954 333 1411 415 SCIENTIARUM

270 439 337 519 'Au
350 468 387 519 ιι.
401 437 478 542 plici
491 437 523 511 id
544 439 597 511 via
610 438 727 512 tentari
743 430 829 535 polle
847 492 860 524 ‚
878 456 934 506 aut
973 440 1090 506 artium
1103 459 1141 506 ex
1157 434 1276 534 quibus
1289 443 1427 509 mixtum
1452 437 1590 534 quodvis
1604 443 1749 540 compo}

269 553 365 626 1666.
401 530 748 634 nitur,-separarione,
771 552 826 602 aut
850 459 983 631 triplis
996 525 1270 604 observationibus
1289 558 1360 629 quae
1376 538 1459 604 circa
1479 541 1547 625 ejus
1562 543 1748 633 generatio-

400 657 504 720 nem,
527 639 565 704 &
583 635 754 733 precipuas
767 625 954 699 alliciiones
970 625 1041 698 fieri
1064 624 1192 725 possint.
1227 627 1379 728 Negabat
1400 627 1454 700 ille
1476 627 1642 728 Chymicis
1662 633 1750 703 adeo

397 730 516 823 jaliata
528 729 683 826 principia
697 718 813 811 ,salem
827 781 838 810 ‚
854 720 1008 822 sulphur,
1031 730 1066 795 &
1081 727 1281 795 Mercurium
1297 749 1338 794 eo
1360 730 1492 795 nomine
1503 727 1614 798 donari
1627 725 1715 825 polle
1730 752 1747 820 ‚j

386 819 593 895 ruminatur
602 818 796 918 simpliciora
819 815 1026 893 resolvantur.
1055 819 1164 890 Multa
1189 824 1225 890 in
1251 821 1361 890 eadem
1384 816 1572 892 sententiam
1593 825 1709 912 adjecit
1731 850 1747 911 ,·

383 943 469 1018 ·quae
481 943 549 989 non
559 912 631 988 sunt
643 915 736 1011 hujus
747 913 813 985 loci
824 937 879 987 aut
887 919 1054 1016 temporis.
1080 917 1214 987 Horum
1225 922 1313 987 enim
1325 919 1560 1015 principiorum
1573 940 1745 992 numerum

387 1053 391 1058 ·
395 1011 534 1113 quisque
543 1034 580 1084 ut
588 1010 719 1084 libitum
731 1010 922 1112 est,augere
931 1010 1052 1112 potest,
1071 1016 1290 1090 autninuere.

260 1164 267 1176 ’
386 1216 1746 1372 muuuaauauuunum

389 1518 396 1535 ¹
516 1498 520 1505 ’
659 1478 978 1576 SECTIO
1064 1478 1482 1588 SECUNDA:

569 1701 640 1794 De
663 1691 840 1835 Pliyficis
859 1687 1050 1798 laboribus
1073 1693 1328 1816 anno'1667.
1344 1697 1550 1832 fitsceptis.'
1576 1797 1579 1800 ,

388 1914 514 2086 DE
530 1907 671 1999 Physicis
687 1884 908 2010 experimentia
920 1910 1089 1990 disluriab
1107 1912 1145 1984 iis
1160 1879 1312 2018 quaesunt
1324 1908 1489 2002 faciliora,
1502 1935 1637 2016 quaeque
1648 1911 1749 2000 latius

490 2027 622 2106 patent,
637 2011 798 2114 capiemus
810 2010 1008 2094 exordium.
1379 2071 1384 2078 .

577 2303 587 2355 ²
691 2319 1488 2436 cnuuuuuruuu

224 2669 227 2674 .
426 2566 484 2636 De
504 2550 712 2666 quibasdam
727 2554 973 2666 experimentis
982 2576 1054 2660 qua
1072 2551 1121 2630 ad
1138 2548 1308 2660 Phystcam
1324 2554 1523 2664 generalem
1536 2553 1719 2669 spetiem,v

271 2770 337 2844 'Aa
350 2793 388 2852 N?
402 2734 431 2802 1.
453 2729 587 2905 ETsr
601 2722 776 2801 Academia
788 2729 853 2798 hoc
864 2725 921 2798 fibi
933 2730 1091 2839 imprimis
1099 2730 1257 2823 agendum
1272 2730 1451 2893 ffioposuit,
1465 2754 1500 2800 ut
1512 2737 1544 2802 in
1556 2732 1646 2804 rebus
1661 2733 1752 2831 Phya¹

271 2879 357 2955 1667

533 2822 1023 2921 ficisquaeadcorporishumanr
1033 2830 1266 2920 cognitionem,
1300 2824 1751 2924 'storiamplantarum&ani.'

360 2918 370 2943 ⁹
393 2924 559 3008 misum,
572 2946 609 2991 ac
624 2921 787 3015 chymicas
798 2917 1008 2993 resolutiones
1020 2927 1199 3015 pertinent,
1211 2917 1408 3016 potiffimum
1425 2920 1602 2995 elaboraret
1615 2979 1626 3008 ,
1639 2950 1674 2994 ea
1694 2946 1749 2993 ta⁴

389 3045 480 3092 ‘men
502 3043 572 3116 quae
600 3013 737 3114 Physrcae
761 3015 900 3110 generali
918 3013 1023 3085 lucem
1045 3015 1187 3112 aliquam
1206 3010 1319 3088 afferre
1331 3014 1457 3109 pollirnt
1471 3073 1482 3103 ,
1496 3016 1614 3090 censuit
1627 3020 1710 3118 negli
1735 3022 1749 3088 i

390 3140 468 3187 non
481 3135 653 3211 oportere.»
682 3111 823 3184 Necilla
835 3133 960 3182 tantum
974 3133 1045 3206 quae
1071 3127 1141 3181 rara
1160 3109 1230 3184 sunt
1249 3119 1282 3183 δι
1302 3107 1427 3182 insolita
1445 3113 1681 3210 contemplari,
1700 3044 1748 3184 rii

393 3216 538 3281 muneris
556 3204 617 3278 elle
638 3209 851 3291 existimavit,
871 3203 922 3282 sed
949 3227 986 3272 ea
1006 3209 1146 3278 maxime
1169 3232 1239 3302 quae
1260 3201 1330 3283 stant
1346 3231 1420 3278 ante
1436 3209 1548 3282 oculos
1561 3205 1661 3307 posta
1681 3269 1691 3298 ,
1710 3231 1748 3282 ut

394 3305 557 3391 calorem,
571 3303 696 3400 frigus,
712 3325 841 3376 motum
860 3299 963 3399 ipsum
986 3309 1021 3372 ic
1041 3297 1123 3370 illius
1138 3302 1222 3398 leges
1241 3307 1455 3394 ,gravitatem
1475 3327 1606 3402 quoque
1624 3329 1746 3403 corpo-

392 3425 488 3488 rum,
509 3399 619 3473 &alia
635 3399 718 3472 bene
735 3397 859 3484 multa,
876 3396 993 3492 quibus
1006 3392 1159 3492 negleclis
1179 3396 1300 3468 nonsit
1324 3398 1497 3488 majoribut
1518 3401 1619 3479 locus.
1644 3406 1686 3472 Ex
1712 3424 1748 3470 e.

387 3498 529 3569 armenta
549 3495 718 3595 complura
734 3492 881 3564 facienda
895 3492 1071 3585 iudicavit,
1094 3517 1162 3562 non
1174 3489 1337 3564 frustuol'a
1350 3488 1451 3565 solum
1467 3554 1477 3578 ,
1496 3495 1602 3591 qualia
1615 3429 1710 3572 mcci

393 3597 459 3663 ttici
468 3589 603 3663 artifices
613 3587 813 3690 potissimrlm
826 3608 992 3686 quonum,
1006 3581 1058 3655 sed
1079 3592 1175 3658 etiam
1199 3586 1301 3658 lucida
1327 3645 1336 3675 ,
1361 3612 1431 3680 quae
1452 3593 1490 3660 ad
1514 3589 1618 3661 causas
1636 3604 1746 3663 rerum·

389 3681 598 3759 'inveniendas
612 3684 789 3783 plurimum
805 3684 1000 3761 conserunt,
1022 3682 1202 3752 dummodo
1217 3709 1281 3752 non
1301 3682 1515 3758 fianttemerl
1537 3694 1570 3755 ὃ(
1588 3682 1678 3771 casu,
1692 3683 1746 3756 sed

390 3804 487 3852 certo
502 3777 636 3851 consilio
653 3789 687 3853 &
709 3781 820 3849 ordine
843 3782 1039 3874 digerantur.
1067 3780 1255 3848 Tumrnim
1271 3784 1485 3876 experimenta
1511 3783 1550 3847 ad
1571 3804 1747 3861 commune

386 3875 564 3971 quoddam
576 3879 771 3976 principium
797 3874 887 3959 resia
904 3896 963 3954 nos
980 3867 1100 3953 ducunt
1115 3926 1126 3969 ‚
1142 3898 1180 3944 ex
1194 3897 1261 3970 quo
1274 3874 1378 3972 plures
1393 3873 1610 3958 conclusiones
1624 3898 1749 3948 eruun,

393 3990 464 4044 tur.

389 4106 392 4113 ,
415 4104 417 4108 ·
452 4065 645 4166 Exemplum
659 4065 788 4138 iuliane
798 4093 866 4140 rem
884 4064 954 4139 sartis
970 4068 1121 4139 idoneum
1134 4066 1311 4161 birituanni
1325 4080 1418 4149 1667.
1436 4065 1660 4140 hr'emsacrior
1673 4067 1749 4165 sup-

403 4164 578 4265 peditavit,
595 4184 757 4253 utquanta
772 4165 846 4236 effer
863 4171 910 4236 vis
927 4162 1056 4261 frigoris
1074 4170 1108 4236 in
1127 4188 1210 4260 aqua
1231 4164 1389 4239 dilatanda
1401 4163 1622 4239 innotesceret.
1665 4163 1749 4237 illud

403 4266 493 4331 enim
507 4262 613 4357 palam
631 4259 675 4331 est
687 4318 698 4347 ,
709 4266 818 4343 omnia
833 4286 912 4360 pene
930 4285 1065 4357 corpora
1081 4259 1200 4359 frigore
1214 4261 1383 4348 contrairi,
1402 4260 1557 4342 utcaloris
1569 4266 1599 4329 vi
1609 4260 1749 4329 dilatan-

402 4376 458 4428 tur
485 4382 493 4426 ε
517 4354 568 4424 sed
584 4379 703 4451 aquam
718 4354 818 4427 solam
842 4356 941 4454 frigus
962 4357 1118 4428 distendit.
1155 4361 1244 4426 Hinc
1259 4355 1374 4451 glaciet
1389 4381 1478 4453 aquae
1491 4364 1611 4427 innatat
1628 4413 1639 4440 ‚
1659 4355 1752 4449 quod

285 4485 291 4496 ·
387 4462 467 4549 ·'pro
479 4447 636 4522 molestia
656 4446 694 4521 stt
711 4451 837 4524 levior:
859 4475 971 4522 contra
988 4450 1098 4521 oleum
1112 4452 1244 4547 'frigore
1262 4476 1450 4524 concretum
1474 4451 1511 4524 lit
1529 4458 1655 4549 gravius
1675 4506 1686 4536 ‚
1716 4458 1753 4522 δι

295 4574 300 4584 ’
402 4552 439 4635 in
454 4546 611 4644 liquidum
626 4545 735 4623 oleum
754 4543 937 4628 descendit„
959 4549 1036 4618 Vini
1063 4543 1186 4645 spiritus
1210 4551 1242 4616 in
1268 4544 1654 4625 thermometromultum
1673 4571 1754 4615 con·

391 4639 539 4713 -rtahitur
555 4666 564 4713 ι
585 4638 734 4734 sed‘aqua
749 4641 916 4739 congelata
929 4641 1024 4714 tubos
1037 4650 1070 4714 δι
1084 4641 1155 4714 vasa
1172 4639 1288 4738 quibus
1304 4643 1506 4713 concluditur
1526 4696 1536 4725 ,
1550 4641 1754 4736 confringit,

402 4731 483 4817 dum
494 4736 551 4829 illa
564 4736 914 4845 expanditurgQanta
925 4763 1035 4825 aurem
1048 4736 1086 4814 st
1097 4763 1188 4842 aquae
1207 4736 1344 4821 dilatam
1362 4746 1410 4815 vis
1423 4793 1435 4828 ,
1448 4736 1695 4836 experirivoluit
1704 4739 1754 4811 D
