3646 5430
247 367 308 448 136
557 352 758 426 REGlAE
806 343 1259 422 SCIENTIARUM
1317 356 1321 362 '

118 451 229 524 Aura.
299 456 378 523 Hoc
388 452 521 551 experiri
534 448 653 549 placuit
663 448 697 516 in
708 439 889 533 anseribus,
906 454 940 517 δι
952 442 1044 543 gallis
1059 442 1196 512 indicis:
1212 466 1286 512 nam
1298 454 1411 532 aperto
1425 433 1602 508 abdontm'e

118 560 213 640 1674.
248 545 339 638 illesis
354 544 463 619 vesicis
477 603 487 632 ,
501 546 631 616 thorace
643 539 788 638 depresso
800 545 832 610 iu
844 546 1040 639 expiratione
1052 535 1217 608 inferiores
1230 531 1337 607 vesicae
1358 529 1475 604 iullatae
1499 556 1600 632 appa-

246 640 358 712 rebant
375 699 385 727 ,
402 667 472 736 qua
484 639 617 712 thorace
630 635 763 707 dilatato
775 632 929 722 subsidere
944 631 1014 704 visae
1026 630 1108 705 sunt.

287 746 320 811 V
332 743 344 806 l
357 744 384 810 l.
411 738 489 807 Avis
504 734 648 829 quaedam
667 732 775 801 ludica
790 753 863 800 ante
875 755 996 805 annum
1020 754 1132 823 ¹597·
1156 733 1189 798 ιιι
1206 732 1332 822 Europa
1351 747 1520 820 nunquam
1546 729 1602 796 vi·

244 827 277 902 sa
291 836 324 902 ιιι
338 835 434 902 indiis
452 831 556 909 Line,
571 830 593 898 al
608 825 703 898 nobis
716 827 835 891 Casiis!
847 827 952 914 disla,
976 826 1139 922 postremo
1153 821 1284 894 ditleeia
1307 821 1351 890 est
1376 827 1409 891 &
1432 816 1599 919 descripta.

247 931 330 997 Haec
344 925 512 996 struthioni
529 928 672 1021 corporis
695 920 782 991 mole
797 924 961 1020 proxima,
984 929 1017 991 dt
1033 926 1065 988 ιιι
1084 919 1235 988 strudlura
1253 939 1334 1014 pene
1351 916 1395 986 est
1415 913 1601 994 consimilis.

245 1022 317 1094 Alae
336 1022 510 1092 admodum
554 1044 656 1105 arvae,
671 1017 750 1087 adeo
763 1039 798 1087 ut
817 1012 872 1086 sub
887 1015 967 1087 dorfi
986 1020 1096 1112 pennis
1113 1009 1328 1085 delitescerent
1353 1045 1364 1102 3
1392 1035 1503 1100 peunae
1526 1007 1599 1109 ipsae

173 1157 177 1165 ·
246 1109 307 1185 urst
322 1175 333 1203 ,
351 1141 406 1186 aut
417 1121 486 1213 apri
499 1046 571 1215 pilis
582 1109 716 1199 similes,
738 1137 776 1182 ex
797 1110 883 1181 fibris
899 1111 1072 1206 oblongis,
1088 1117 1121 1181 dr
1137 1105 1240 1178 crallrs
1255 1102 1464 1203 compositae,
1488 1133 1599 1182 omnes

187 1219 190 1222 ’
244 1209 384 1302 ejusdem
403 1209 533 1307 hgurae,
552 1234 618 1279 non
637 1207 676 1279 ad
696 1207 866 1295 volatum,
888 1204 940 1277 sed
952 1208 991 1277 ad
1013 1205 1184 1303 tegendum
1201 1225 1317 1299 corpus
1338 1201 1520 1292 desthtatae,
1539 1204 1598 1275 du-

244 1304 321 1402 plici
343 1306 429 1378 velut
442 1309 572 1377 caudice
585 1299 782 1376 constabant.

163 1403 166 1421 ¹
294 1400 428 1474 Collum
450 1426 516 1474 erat
531 1398 686 1498 implume
699 1421 734 1468 ut
750 1402 783 1468 iu
805 1398 894 1499 gallo
914 1396 1047 1482 Indico,
1069 1398 1117 1464 uti
1137 1400 1170 1464 δι
1193 1412 1290 1484 caput
1315 1393 1368 1461 cui
1391 1391 1483 1463 crista
1504 1391 1600 1465 instar

227 1495 364 1579 xcalhdis
384 1494 536 1568 insidebat
551 1551 562 1582 ,
583 1491 664 1588 tersa
687 1501 720 1564 δι
749 1497 853 1569 nitens
866 1496 962 1565 instar
979 1516 1080 1561 cornu
1096 1515 1105 1561 ε
1123 1492 1201 1584 quin
1217 1494 1251 1558 &
1268 1484 1352 1556 illius
1370 1484 1539 1558 substantia
1562 1512 1602 1561 ex

243 1596 339 1664 ratiis
356 1588 534 1704 composita
558 1588 693 1661 lamellis
718 1612 798 1685 pene
821 1614 938 1661 cornea
953 1585 1129 1658 videbatur·
1167 1587 1353 1653 Extremum
1370 1582 1459 1651 rostri
1476 1586 1510 1653 in
1536 1607 1598 1657 tres

241 1709 348 1784 partes
360 1688 498 1758 divisum
511 1712 547 1761 ut
558 1691 592 1757 in
603 1682 690 1780 gallo
702 1683 827 1761 indico.
851 1692 888 1756 ln
907 1707 995 1778 parte
1009 1680 1086 1752 colli
1095 1674 1204 1750 inlima
1218 1678 1285 1746 duae
1305 1698 1395 1747 erant
1406 1678 1596 1776 appendices

243 1778 381 1852 carnosae
395 1780 462 1851 fere
477 1805 512 1854 ur
526 1788 559 1853 in
573 1780 676 1850 rostro
690 1777 841 1853 inferiore
857 1778 994 1879 gallina.

286 1883 325 1947 ln
349 1877 457 1946 medio
481 1878 575 1948 lierni
596 1871 688 1946 tuber
704 1875 906 1975 implume&
929 1871 1082 1946 callosum
1096 1869 1290 1970 apparebat,
1312 1872 1364 1941 cui
1378 1869 1595 1943 instatcameli

244 1969 413 2052 incumbit.
441 1968 545 2045 Crista
559 1973 644 2042 reflat
658 1978 691 2041 dc
704 1969 881 2042 admodum
892 1964 1197 2067 crassamropygium
1211 1968 1321 2038 itidem
1334 1964 1483 2064 amplum
1496 1974 1528 2040 δι
1539 1965 1594 2037 ob

245 2064 341 2137 rusius
361 2069 462 2163 quim
479 2069 591 2138 inulla
608 2069 660 2135 avi
672 2061 766 2135 nobis
779 2070 929 2163 cognita,
1444 2103 1446 2106 ⁴

292 2160 498 2233 Ventriculus
517 2156 711 2232 musculosus
734 2157 810 2231 huic
833 2162 940 2232 deerat
964 2189 973 2233 r
997 2183 1071 2228 cum
1095 2183 1203 2230 tamen
1224 2182 1305 2257 pane
1327 2165 1360 2229 δι
1385 2155 1596 2255 leguminibus

245 2252 389 2328 vescatur
409 2284 419 2329 a
447 2254 498 2327 sed
512 2252 685 2353 multiplici
702 2254 883 2328 uentriculo
901 2257 1061 2343 donatur,
1082 2256 1166 2325 unde
1179 2264 1212 2328 δι
1226 2253 1372 2327 solidiora
1390 2278 1529 2351 queque
1545 2256 1596 2326 ali

244 2353 497 2442 mmmm.

288 2453 383 2521 Vlll.
399 2442 630 2548 Respirationis
645 2472 766 2557 organa
780 2472 816 2520 ut
834 2453 868 2520 in
888 2448 1061 2521 struthione
1073 2451 1188 2518 acriori
1203 2449 1305 2518 studio
1320 2441 1391 2515 sunt
1408 2439 1596 2537 observata,

184 2610 186 2614 ,
243 2541 309 2611 duo
320 2546 476 2640 imprimis
488 2543 680 2641 pulmonum
691 2543 839 2633 musculi,
851 2570 991 2640 quorum
1002 2550 1096 2641 origo
1108 2543 1236 2615 carnosa
1249 2542 1425 2614 admodum
1435 2544 1468 2609 ιιι
1481 2534 1530 2612 sex
1540 2571 1594 2616 re-

242 2634 289 2708 lut
305 2644 408 2735 capita
424 2638 606 2735 divisaqquae
620 2641 728 2732 jundla
743 2645 806 2709 ina
832 2637 1079 2723 oneurosrm,aut
1089 2644 1122 2706 iu
1136 2642 1297 2710 tendinem
1308 2635 1454 2734 amplum
1467 2632 1595 2728 abeunt,

242 2755 311 2827 quo
330 2733 443 2830 pulmo
455 2734 630 2804 involvitur
641 2788 652 2819 ,
671 2741 704 2804 dc
729 2666 875 2804 avellere
894 2733 1075 2806 secernitur.
1100 2735 1273 2825 Postquam
1292 2736 1379 2802 euim
1398 2735 1452 2802 a'c‘r
1465 2730 1594 2828 pulmo.

240 2849 298 2898 nes
316 2824 470 2925 perirest,
488 2853 544 2927 per
569 2825 730 2897 foramina
746 2833 780 2898 in
796 2827 861 2899 hoc
874 2828 1001 2900 tendine
1022 2850 1131 2926 aperta
1146 2826 1261 2900 vesicas
1286 2826 1369 2898 subit
1387 2884 1399 2916 ,
1427 2848 1503 2920 quas
1523 2830 1593 2897 dia-

241 2916 398 3019 phragma
413 2977 422 3007 ,
444 2947 479 2996 ut
493 2919 697 3021 aponeurosis
710 2918 763 2995 seu
774 2924 873 2996 tendo
886 2921 1054 3022 pulmones
1067 2933 1100 2995 δι
1115 2923 1213 2993 costas
1231 2931 1311 3023 tegit
1335 2952 1343 2997 :
1371 2924 1453 2993 adeo
1465 2944 1501 2994 ut
1512 2919 1594 2994 veh-

242 3038 286 3083 cae
310 3020 391 3087 inter
418 3013 641 3115 aponeurosrm
659 3013 924 3118 &diaphragma
949 3017 1178 3090 concludantur
1205 3074 1216 3104 ,
1251 3023 1299 3091 uti
1323 3018 1493 3120 pulmones
1515 3023 1594 3091 iuter

244 3112 345 3182 costas
365 3121 397 3183 δι
412 3110 635 3209 aponeutosrm
649 3109 702 3184 seu
714 3114 859 3212 amplum
873 3114 1049 3188 tendinem.

297 3209 419 3303 Neque
431 3208 509 3279 illud
521 3205 672 3280 abhorret
685 3209 706 3280 d
720 3205 950 3280 verisimilibus
971 3208 1128 3279 musculos
1152 3215 1256 3280 motui
1278 3207 1416 3281 thoracis
1435 3206 1592 3285 inservire.

245 3303 338 3373 Nam
353 3303 452 3374 costas
467 3328 537 3401 quae
546 3309 579 3374 in
591 3302 703 3375 avibus
714 3303 855 3403 duplices
865 3301 936 3376 sunt
960 3312 994 3376 δε
1017 3309 1097 3375 inter
1114 3301 1145 3375 se
1165 3306 1337 3375 articulatae
1358 3296 1506 3374 deorsum
1530 3328 1594 3376 tra-

246 3394 328 3468 hunt
343 3425 353 3469 :
366 3395 522 3495 liquidem
537 3397 579 3470 ab
593 3397 717 3496 angulis
735 3423 819 3496 quos
833 3402 924 3491 costae
938 3399 1003 3470 nna
1019 3402 1197 3490 coniundltae
1208 3395 1366 3487 efficiunt,
1378 3396 1514 3493 oblique
1528 3395 1594 3472 des-

247 3492 387 3564 cendunt
397 3492 502 3566 versus
512 3489 595 3564 dorsi
611 3492 790 3581 vertebras,
807 3495 922 3590 quibus
935 3494 1028 3585 costae
1041 3501 1203 3590 utrimque
1213 3496 1388 3592 illigantur.

299 3590 428 3659 Deinde
442 3585 589 3689 suspicari
600 3588 675 3660 licet
687 3585 815 3660 eosdem
827 3590 987 3661 musculos
1006 3594 1071 3660 a'c‘ri
1085 3591 1250 3661 retinendo
1272 3588 1449 3677 conferre,
1474 3615 1516 3662 ne
1537 3617 1593 3665 ea.

245 3685 321 3754 dem
332 3684 484 3755 facilitate
499 3706 609 3773 excat,
630 3709 693 3781 qua
709 3682 817 3758 subiit.
843 3690 935 3758 Nam
945 3709 1053 3782 aperta
1067 3683 1226 3756 foramina
1236 3683 1350 3783 quibus
1361 3683 1592 3759 libera'e'riadi·

247 3800 396 3875 turparet
411 3784 445 3849 in
462 3776 577 3851 vesicas
597 3804 651 3851 aut
670 3777 800 3873 laccos,
815 3787 848 3851 in
869 3801 957 3879 parte
973 3778 1101 3851 carnosa
1123 3777 1339 3852 musculorum
1359 3801 1395 3850 ut
1415 3779 1596 3877 plurimtlru

245 3871 352 3941 insunt
373 3900 380 3942 :
400 3872 459 3963 ch
472 3878 700 3945 contractionis
714 3882 746 3945 δι
763 3875 954 3947 dilatationis
969 3872 1146 3972 spontaneae
1171 3900 1267 3974 capax
1292 3875 1348 3948 est.
1386 3881 1478 3980 Qih
1497 3884 1595 3951 etiarn

244 3962 413 4036 chameleo
426 3978 515 4057 cujus
528 3966 696 4062 pulmones
707 3974 817 4039 avium
830 3970 1036 4067 pulmonibus
1054 3968 1125 4043 sunt
1146 3969 1322 4042 consimiles
1345 4028 1356 4060 ,
1378 3972 1433 4042 diu
1449 3979 1594 4046 continet

244 4063 317 4130 ae'ra
331 4094 342 4150 5
356 4062 515 4130 interdurn
531 4067 575 4131 ita
593 4059 800 4134 intumescere
817 4065 933 4151 visus,
954 4091 990 4137 ut
1007 4066 1234 4165 disruptionem
1253 4071 1435 4139 minaretur·
1471 4070 1535 4138 Sed
1559 4077 1592 4142 dt

244 4157 300 4226 diu
314 4160 347 4226 in
361 4180 402 4226 eo
418 4156 499 4225 statu
510 4181 638 4246 manet,
656 4155 780 4230 tametsi
800 4158 945 4258 spiritum
957 4161 1046 4233 ducit
1064 4171 1098 4234 δι
1117 4161 1240 4256 reddit,
1256 4158 1342 4258 quali
1363 4166 1436 4233 a'e'ta
1460 4166 1496 4232 in
1520 4169 1593 4260 qui·

244 4245 376 4323 busdam
396 4248 525 4338 vesicis,
541 4277 678 4346 quarum
692 4254 804 4327 ostiola
821 4262 855 4328 in
867 4280 955 4356 parte
968 4255 1184 4328 musculorum
1196 4253 1324 4328 carnosa
1339 4255 1395 4331 sata
1405 4256 1500 4346 sunt,
1516 4283 1595 4330 con·

244 4351 378 4425 emeret,
392 4357 426 4419 δι
435 4351 468 4416 ιιι
479 4348 547 4418 aliis
557 4349 693 4421 liberum
705 4357 768 4422 a‘e'ri
781 4354 902 4425 aditum
914 4359 1077 4425 &exitum
1089 4358 1295 4451 permitteret·
1370 4397 1373 4402 -

292 4446 355 4517 IX.
374 4438 494 4514 Vesrcae
503 4441 543 4514 ab
554 4467 691 4542 utroque
704 4446 944 4547 diaphragmate
955 4457 987 4521 δι
998 4445 1144 4519 musculis
1152 4445 1286 4544 separari
1296 4472 1456 4546 poterant,
1465 4457 1594 4553 propria

240 4561 377 4702 quaeque
393 4543 501 4610 tunica
520 4545 662 4614 munita.
680 4547 805 4637 Qarta
816 4541 993 4616 vesrcanon
1006 4540 1104 4641 usque
1116 4542 1197 4613 adeo
1208 4541 1435 4633 descendebat,
1448 4572 1547 4646 arque
1559 4553 1593 4620 in

240 4658 258 4703 a
271 4637 308 4703 iis
320 4631 430 4706 avibus
444 4630 543 4722 solet,
556 4637 647 4728 quod
656 4638 794 4709 llerrrum
804 4664 995 4737 perparvum
1006 4637 1055 4724 stt,
1064 4649 1201 4734 majores
1213 4641 1294 4709 adeo
1309 4638 1489 4714 abdominis
1505 4640 1592 4715 tuus-

240 4725 322 4813 culi,
336 4734 380 4800 ira
390 4752 425 4800 ut
435 4755 548 4898 quarta
561 4731 617 4803 illa
628 4728 731 4807 vesica
740 4736 897 4810 nonadeo
908 4731 946 4807 fit
958 4732 1149 4822 necessaria,
1162 4758 1259 4835 atque
1271 4739 1305 4810 in
1316 4734 1507 4819 avibusquae
1521 4764 1592 4807 rna·

238 4826 310 4912 jore
323 4824 428 4898 sterno
461 4850 628 4902 onantur.·
1427 4833 1595 4924 interioris
