3646 5430
287 368 352 442 roe
609 357 799 433 tacta
862 344 1305 451 scrcnrrtrun
1391 366 1419 431 ῃ
1476 296 1483 312 ’

161 459 273 534 Aru.
292 468 366 559 gia3
388 477 487 556 atque
506 453 619 529 eadem
638 453 851 527 Astronomiae
872 447 977 521 ufibus
992 449 1102 522 dicate,
1119 441 1358 545 conspiciuntur
1374 447 1407 518 in
1421 442 1578 543 preclara
1594 445 1657 518 illd

159 569 257 643 1670.
293 556 422 626 vania
437 577 511 622 arce
534 577 633 649 quam
647 548 761 649 infigni
773 570 873 646 nuper
888 540 1148 646 magnificentia,
1174 563 1359 638 quantaque
1371 540 1506 615 antehac
1519 542 1657 645 Regum

159 653 196 723 dt
214 675 260 741 7¹·
292 678 411 740 nemo,
432 645 687 722 aedificandam
700 646 835 717 curavit.
978 696 985 705 .

345 754 407 823 XI.
427 754 466 819 In
480 742 665 844 prefatione
686 744 792 840 operis
807 734 854 809 sui
873 741 1032 810 rationem
1055 741 1163 835 paneis
1176 731 1281 805 verbis
1293 739 1403 831 aperit.
1432 737 1656 813 Λιιιιιιιιιιιιιιι

292 846 353 921 elle
365 849 410 915 ait
422 842 543 914 sextum
559 842 744 924 decimum,
765 861 803 905 ex
821 858 889 930 quo
909 830 1065 906 fabricam
1079 831 1327 927 horologiorum
1349 853 1419 901 tum
1445 856 1556 904 recens
1578 832 1601 906 d
1623 831 1655 913 se

292 947 499 1016 inventorum
513 937 601 1007 edito
614 931 726 1006 libello
749 928 912 1030 publicam
928 925 1019 1004 fecit.
1055 934 1137 1025 Qrae
1160 926 1230 1025 post
1257 925 1335 997 illud
1357 949 1483 1026 tempus
1503 929 1653 1003 elabora.

292 1042 367 1126 vir,
389 1037 428 1106 ad
452 1031 686 1130 perfrdlionem
700 1027 793 1122 hujus
811 1029 932 1096 inventi
955 1022 998 1095 src
1019 1031 1204 1124 pertinent,
1230 1045 1266 1093 ιιι
1286 1019 1449 1119 potiffima
1468 1033 1537 1117 ejus
1557 1051 1653 1124 pars,

293 1157 333 1204 ac
346 1129 433 1203 velut
451 1129 695 1202 fundamentum
714 1126 813 1196 totius
826 1120 917 1209 hujus
930 1121 1129 1192 mechanices
1143 1115 1253 1188 baberi
1268 1117 1406 1216 poffint,
1431 1143 1504 1215 qua:
1531 1119 1596 1193 hoc
1619 1129 1653 1196 in

294 1225 380 1300 libro
397 1246 609 1324 exponuntur.
638 1217 790 1292 Mensura
808 1222 896 1286 enim
916 1274 926 1302 ,
950 1221 1086 1311 inquit,
1113 1239 1181 1288 tem
1206 1217 1269 1285 oris
1291 1237 1376 1287 certa
1399 1237 1497 1311 atque
1521 1242 1548 1288 τ
1575 1218 1653 1292 ualir

295 1319 439 1420 pendulo
454 1319 589 1416 stnrplici
602 1342 668 1388 nou
687 1320 811 1396 inerat,
832 1337 908 1383 cum
929 1311 1057 1385 latiores
1076 1240 1222 1383 ciendis
1242 1306 1477 1408 angustioribus
1500 1243 1654 1387 tardiores

297 1412 517 1495 οιιιιινιιιιιιι.
541 1415 603 1482 Sed
620 1415 807 1483 Geomerria
821 1409 900 1479 duee
914 1406 1071 1480 diversam
1084 1406 1127 1477 ab
1148 1430 1186 1477 ea
1198 1461 1211 1493 ,
1225 1411 1436 1503 ignotamque
1457 1431 1553 1480 antea
1572 1433 1653 1506 pen-

295 1510 364 1583 duli
387 1508 616 1610 suspensionem
638 1533 670 1577 re
693 1530 817 1588 ettam,
831 1501 1049 1576 aninudversa
1069 1503 1158 1573 lineat
1181 1497 1344 1591 cujusdam
1366 1525 1562 1591 curvatura,
1584 1528 1654 1602 qut

295 1607 336 1677 ad
370 1628 515 1702 optatam
541 1533 790 1700 ctqtubrdtttem
821 1599 868 1669 illi
894 1597 1129 1672 conciliandam
1156 1595 1298 1668 mirabili
1331 1595 1425 1695 plane
1452 1603 1578 1673 ratione
1611 1601 1654 1672 ell

296 1723 497 1800 comparata.
530 1704 642 1793 Quam
656 1696 710 1768 ubi
722 1695 901 1792 horologiis
911 1691 1082 1783 adhibuit,
1101 1716 1169 1766 tam
1192 1694 1338 1764 conllant
1355 1689 1522 1790 certusque
1539 1720 1655 1767 eorum

296 1794 536 1883 morusevafir,
561 1815 597 1863 ut
616 1792 687 1890 post
708 1789 818 1863 crebra
837 1794 1052 1887 experimenta
1073 1812 1157 1862 tetta
1173 1793 1320 1886 marique
1341 1787 1427 1861 faeta
1449 1789 1654 1862 maniftstum

295 1898 362 1985 jam
378 1888 416 1961 fit
441 1892 652 1962 Astronomiae
673 1887 779 1958 lludiis
798 1896 830 1960 dt
854 1887 927 1958 Arri
955 1889 1103 1959 Nauticae
1117 1882 1292 1982 plurimum
1312 1891 1347 1959 in
1370 1890 1407 1957 iis
1428 1882 1489 1957 ell'e
1512 1884 1654 1983 praesrdii.

297 1989 387 2060 Tum
409 2012 482 2058 eam
508 1985 626 2057 lineam
648 1987 668 2056 ι
687 1984 871 2052 Geometris
892 1982 991 2052 nollti
1014 1986 1073 2052 ενι
1092 1979 1288 2078 Εγιιοιιιιιιι
1308 1980 1507 2081 appellatam
1530 1984 1654 2068 docet,

295 2107 398 2176 quam
411 2081 529 2153 defixus
545 2084 578 2150 in
596 2073 857 2150 circumferentia
875 2082 1028 2149 currentis
1041 2101 1118 2149 rotz
1138 2076 1247 2147 clavus
1266 2085 1418 2150 continua
1431 2078 1654 2149 circumvolu-

296 2181 386 2251 tione
402 2184 434 2250 in
461 2181 532 2250 a'c‘re
552 2170 706 2271 designat.
740 2176 823 2243 Mox
840 2167 961 2268 singula
980 2196 1052 2269 quae
1074 2172 1128 2243 hic
1151 2168 1231 2242 liber
1243 2174 1486 2270 eompledlitnr,
1495 2179 1653 2273 exponit:

295 2295 336 2342 ac
349 2275 479 2343 tandem
492 2276 529 2342 iis
541 2272 680 2341 occurrit
697 2272 752 2362 qui
766 2267 858 2357 hujus
872 2271 994 2339 inventi
1016 2268 1175 2338 honorem
1197 2292 1252 2339 aut
1276 2267 1332 2340 srbi
1352 2327 1362 2357 ‚
1381 2292 1437 2338 aut
1460 2275 1574 2342 amicis
1595 2263 1656 2339 suia

260 2382 264 2390 '
322 2367 369 2437 ost
383 2367 605 2466 septennium,
626 2388 669 2435 ex
690 2384 757 2458 quo
772 2360 1053 2453 hujurautomatis
1068 2359 1166 2433 deseri
1190 2368 1313 2436 tionem
1340 2369 1426 2462 typis
1445 2365 1654 2463 vulgaverat,

295 2390 357 2535 lbi
375 2464 575 2535 vindicarunt
592 2487 602 2534 t
628 2483 705 2531 cum
723 2479 816 2528 antea
831 2481 930 2528 nemo
950 2460 1000 2530 vel
1016 2460 1110 2529 dietis
1131 2390 1321 2537 velserintis
1343 2460 1436 2551 liujus
1456 2466 1655 2533 mentionem

296 2548 424 2634 fecerit.
445 2558 545 2657 Qtod
560 2561 647 2630 enim
663 2552 727 2625 hoc
741 2556 909 2624 inventum
923 2553 1059 2629 Galilaeo
1078 2552 1129 2626 vel
1156 2561 1224 2644 ejus
1245 2553 1313 2627 filio
1336 2554 1447 2632 tribuit
1468 2553 1561 2649 liujus
1589 2557 1656 2626 ho-

296 2651 416 2752 tologii
429 2645 651 2725 inventionem
665 2647 796 2744 quidam
818 2652 867 2719 vir
888 2651 1054 2739 eruditus,
1075 2655 1194 2721 mirum
1212 2648 1288 2723 illud
1318 2655 1418 2725 videri
1438 2651 1527 2752 polle
1552 2711 1563 2743 ‚
1587 2676 1655 2724 tem

295 2747 378 2819 adeo
394 2747 506 2829 utilem
523 2769 572 2817 tot
586 2751 676 2816 annis
691 2748 838 2840 ignotam
858 2741 949 2816 fnille
969 2803 981 2834 ,
1005 2746 1061 2818 nisr
1085 2745 1171 2817 forte
1194 2770 1260 2819 tam
1282 2749 1467 2847 praeclarum
1485 2752 1656 2823 intentum

296 2840 340 2912 de
354 2843 505 2913 industria
522 2840 722 2913 occultatum
743 2836 834 2908 fuilie
856 2837 966 2919 velint.
1005 2850 1128 2915 Verum
1142 2842 1174 2911 id
1194 2841 1365 2942 probatum
1378 2849 1520 2944 oportuit
1544 2901 1556 2932 ,
1584 2867 1656 2914 non

297 2945 397 3031 gratis
416 2931 588 3026 allertum;
611 2958 710 3033 atque
737 2930 876 3029 idipsum
921 2943 1001 3010 ιιινιι
1025 2938 1107 3011 alius
1127 2940 1241 3010 eodem
1254 2949 1324 3034 jure
1347 2942 1437 3037 lrujue
1459 2945 1656 3014 inventionis

294 3028 438 3202 goriam
468 3031 524 3104 fibi
545 3029 731 3108 vindicabit.
776 2961 922 3130 Quodlt
950 3035 982 3107 id
1001 3056 1159 3107 centetum
1174 3033 1237 3108 fuit
1259 3036 1433 3111 dGalilaeo
1454 3093 1465 3126 ‚
1489 3062 1557 3109 non
1581 3064 1656 3138 pet·

331 3131 421 3201 &um
445 3129 549 3218 ,nihil
563 3132 611 3229 ¹de
632 3128 724 3202 laude
750 3126 807 3201 srbi
821 3125 926 3200 debita
944 3131 1123 3203 detradlum
1144 3136 1206 3218 iri,
1221 3156 1296 3205 cum
1316 3161 1385 3207 tem
1406 3134 1572 3224 eandem,
1604 3137 1655 3214 sed

296 3220 445 3320 feliciore
455 3232 573 3299 'eventu
590 3224 826 3321 investigaverit
836 3282 847 3310 ,
856 3233 891 3297 dt
905 3227 946 3296 ad
960 3232 1081 3299 exitum
1094 3227 1283 3325 perduxerit.

346 3321 447 3395 Anno
473 3335 566 3410 ¹⁶70·
585 3322 682 3392 redux
702 3341 740 3387 ex
769 3324 819 3389 An
844 3320 885 3390 lia
905 3322 1077 3392 tradlatum
1098 3325 1181 3394 edidi
1202 3325 1241 3396 de
1268 3347 1444 3422 corporum
1470 3325 1653 3407 ιιιιᾶιοιιι.

297 3418 359 3506 bus
370 3416 648 3505 tummanifestis,
660 3438 731 3487 tum
742 3346 888 3493 occultis.
922 3423 1023 3491 Hunc
1040 3442 1116 3490 exce
1159 3442 1232 3492 runt
1245 3421 1311 3491 duo
1326 3419 1380 3492 alii
1392 3426 1655 3508 Tractatusmus

297 3517 338 3593 de
353 3539 462 3590 mente
476 3509 753 3586 humanturillius
766 3510 1094 3598 fundiionibus,alter
1105 3444 1294 3613 ddcorpore
1312 3521 1458 3590 animato
1474 3549 1484 3592 ι
1500 3523 1561 3593 hos
1579 3552 1653 3622 pro-

295 3634 388 3705 mote
404 3639 459 3711 per
473 3615 690 3710 experimenta
702 3602 916 3707 Philosophiae
933 3607 1106 3709 specimina
1120 3603 1259 3710 inscripsi
1278 3639 1287 3684 ι
1303 3611 1481 3686 sedentum
1500 3643 1588 3692 nunc
1604 3623 1656 3694 de.

298 3703 712 3873 lifisseranmrsexemplaru,
734 3702 790 3779 nifi
809 3730 968 3805 perpauca
986 3730 1026 3778 ex
1040 3711 1078 3778 iis
1091 3731 1162 3804 quae
1180 3707 1404 3808 Norimbergae
1426 3735 1515 3783 anno
1539 3725 1654 3794 1⁶81.

359 3825 374 3873 ι
396 3829 478 3876 excu
493 3828 522 3875 a.

349 3899 401 3968 Ac
425 3899 465 3969 de
486 3893 575 3967 libris
604 3920 675 3969 tum
691 3899 783 3968 editis
805 3895 966 3973 hadlenut
1018 3902 1176 3973 Praetereo
1201 3904 1287 3973 enim
1308 3899 1486 3999 elegantem
1515 3914 1654 3984 vitruvii

298 3990 538 4105 tranilationeru
555 3996 640 4064 notis
654 4003 687 4063 dr
710 3988 821 4094 ligurit
832 3995 1021 4072 illustratam
1038 3998 1062 4069 d
1085 4001 1131 4073 D.
1148 3994 1291 4073 Perrault
1309 3996 1358 4071 his
1376 3995 1443 4073 ftte
1456 4006 1655 4105 temporibus

300 4084 422 4186 publica
435 4096 513 4186 jutta
531 4086 664 4164 fadiam.

919 4387 1045 4478 θιιῇἢ
