3646 5430
414 351 757 427 acanum
799 355 1137 432 HISTORIA.
1172 361 1327 433 Linlv.
1467 390 1528 456 307

164 450 266 521 citur.
290 451 335 520 Ex
344 448 383 518 iis
398 444 577 546 Phosphori
588 449 753 522 flammam
772 455 854 550 ignis
868 451 1005 552 vulgaris
1021 449 1152 523 flamma
1171 461 1328 525 acriorem
1351 450 1412 525 effe
1431 459 1523 529 colli.
1542 455 1631 557 chy.

168 550 204 642 gi
222 546 338 642 potest.
1541 557 1633 630 mico.

224 645 332 729 Huius
348 637 486 709 flammat
509 661 615 711 mutus
636 637 692 710 ubi
720 640 944 741 Phosphorum
967 641 1128 723 absumit.
1148 646 1229 717 aded
1252 646 1296 715 est
1323 651 1500 716 concitatus
1512 705 1523 737 ,

167 755 207 806 ut
229 736 365 830 persaepe
385 740 551 806 materiam
573 737 785 830 concipiendo
810 743 877 832 igni
903 741 1078 811 admodum
1101 740 1248 810 idoneam
1272 764 1338 809 non
1361 743 1526 819 accendat.

169 834 228 900 Sic
241 853 378 926 granum
393 825 566 925 phosphori
582 828 690 898 charta
705 829 847 900 conclusi
860 839 1005 905 attritum
1017 833 1194 904 incenditur
1206 833 1314 905 charta
1327 832 1419 903 illaesa
1438 892 1450 923 ‚
1471 842 1524 907 cui

169 925 400 997 tantummodo
416 923 534 993 coloris
546 928 604 995 atri
618 924 785 1021 vestigium
803 930 948 1000 inuritur.
979 929 1078 1093 (Q
1097 923 1119 994 si
1139 925 1308 998 frustulum
1328 928 1443 997 charrae
1468 956 1524 1003 aut

169 1018 265 1090 lintei
275 1019 398 1115 spiritui
409 1022 476 1087 vini
490 1071 501 1102 ,
514 1038 569 1087 aut
581 1040 673 1112 aquae
687 1024 754 1089 vini
766 1021 886 1090 ardenti
899 1028 1013 1094 immet
1026 1025 1106 1108 eris,
1120 1029 1310 1093 &extremo
1323 1022 1414 1092 alteri
1427 1024 1523 1120 phos·

168 1113 313 1213 phorum
331 1110 518 1208 impositum
544 1132 689 1183 conteras
710 1167 720 1200 ,
743 1137 814 1183 rum
834 1108 958 1214 spiritus
975 1121 1043 1187 vini
1058 1117 1266 1202 accendetur,
1288 1115 1409 1187 tametsi
1427 1114 1524 1215 phos·

169 1209 315 1305 phorum
327 1230 395 1278 non
409 1212 533 1303 tangit,
551 1212 586 1277 δι
607 1203 715 1277 charta
730 1204 796 1306 ipsa
815 1206 980 1282 flammam
997 1214 1149 1305 concipit.
1173 1215 1254 1281 Non
1280 1212 1364 1280 idem
1386 1221 1523 1302 eveniet,

166 1300 326 1374 {ichartae
345 1324 400 1372 aut
426 1300 515 1371 lintei
535 1322 714 1370 extremum
734 1303 809 1372 oleo
836 1303 1052 1377 terebinthina:
1074 1308 1292 1400 immergatur.
1334 1306 1417 1377 Arfi
1441 1315 1525 1382 intra

166 1396 311 1470 linteum
332 1393 443 1496 spiriru
460 1400 527 1466 vini
540 1393 701 1464 imbutum
720 1391 918 1494 phosphorus
934 1394 1120 1483 obteratur,
1136 1396 1338 1471 isslammam
1359 1425 1425 1472 non
1441 1429 1525 1474 con-

169 1499 297 1591 cipiet,
319 1491 461 1588 quandiu
478 1491 520 1560 ali
547 1488 600 1557 uid
619 1485 744 1587 spiritus
766 1496 834 1560 vini
856 1489 889 1563 su
932 1492 1061 1581 enimn
1082 1516 1156 1560 curn
1177 1496 1339 1589 ispenitus
1355 1496 1526 1567 exhalave-

163 1595 238 1675 rit,
250 1611 322 1660 tum
338 1586 420 1684 agre
431 1516 642 1670 incendetur,
664 1609 702 1655 ac
718 1583 812 1657 cititls
834 1612 890 1656 mu
901 1609 938 1659 to
959 1591 994 1656 in
1007 1589 1109 1659 linteo
1121 1612 1204 1682 aqua
1230 1586 1358 1656 madido
1373 1594 1475 1684 quam
1501 1589 1524 1660 st

168 1682 366 1783 viuispiritu
377 1677 538 1750 imbuatur
558 1712 568 1764 3
587 1679 667 1748 adeo
684 1703 722 1751 ut
740 1677 789 1749 illi
804 1704 879 1750 cum
893 1686 961 1752 vini
982 1678 1089 1780 spiritu
1104 1681 1213 1753 minda
1226 1686 1419 1771 conveniat,
1449 1712 1526 1759 cum
1611 1764 1616 1772 ,

168 1781 213 1850 in
236 1802 321 1878 aqua
342 1779 511 1849 communi
523 1773 580 1844 diu
599 1770 820 1861 conservetur,
836 1798 992 1873 nequeea
1004 1775 1127 1866 obstet,
1143 1780 1317 1874 quominus
1341 1781 1409 1848 vim
1436 1777 1525 1854 suam

213 1896 296 1950 Crat.
1446 1901 1449 1905 ’

171 1898 214 1966 β
227 1976 288 2046 Vl.
312 1968 396 2044 illud
408 1993 541 2067 quoque
556 1970 601 2043 est
616 1965 840 2042 obsenaeione
857 1970 992 2068 dignum
1014 2025 1025 2056 ,
1054 1967 1242 2067 phosphore
1260 1968 1327 2039 und
1348 1994 1423 2043 cum
1442 1999 1526 2069 aqna

244 2067 323 2138 duaa
335 2088 392 2138 aut
402 2089 464 2138 tter
479 2064 693 2137 hebdomadas
705 2066 855 2161 permisto
876 2122 887 2154 ,
907 2073 942 2139 de
955 2066 1063 2160 postea
1074 2069 1107 2135 in
1121 2062 1260 2162 phialam
1275 2069 1408 2137 vitream
1423 2091 1529 2141 trana-

171 2092 247 2234 hilo
262 2217 274 2249 ,
289 2160 348 2232 ubi
364 2159 470 2259 phiala
483 2160 631 2233 conculsa
642 2158 759 2244 fuerit,
782 2184 902 2255 aquam
928 2156 1079 2230 scintillat
1097 2159 1228 2230 luminis
1256 2155 1394 2233 vibrare.
1434 2164 1524 2236 Idem

172 2262 265 2330 conti
350 2256 432 2345 ,ubi
449 2280 506 2353 per
518 2259 595 2327 duas
606 2276 660 2327 aut
672 2275 733 2324 tres
747 2253 840 2323 horas
855 2245 1055 2350 phosphorus
1070 2255 1223 2324 unacum
1239 2277 1324 2345 aqua
1336 2258 1370 2324 in
1382 2256 1527 2353 digestio-

173 2375 278 2451 nepo
301 2350 485 2423 tusstretit:
503 2357 625 2422 nonita
639 2346 914 2433 eveniet,srcum
935 2345 1045 2444 spiritu
1066 2351 1133 2415 vini
1153 2348 1318 2442 permistus
1342 2347 1451 2424 fuerit.
1487 2359 1528 2424 Et

171 2446 287 2518 tamen
300 2442 324 2515 fi
335 2450 369 2516 in
381 2469 456 2515 eum
466 2450 535 2515 vini
549 2444 693 2543 spiritum
705 2441 829 2538 aliquot
844 2467 935 2538 aquae
949 2464 1046 2537 gutta
1066 2443 1276 2533 conjiciantur
1294 2496 1306 2527 ,
1335 2441 1396 2512 illae
1416 2444 1527 2517 lumen

172 2543 271 2613 instar
286 2539 422 2639 fulgoris
436 2549 468 2608 dt
484 2560 747 2611 momentaneum
765 2539 925 2614 emittent.

144 2680 148 2687 ·
224 2642 323 2709 vu.
343 2641 383 2706 ln
401 2636 484 2705 acta
496 2630 609 2705 mensis
629 2628 817 2704 Decembris
834 2627 973 2724 ejusdem
992 2636 1067 2702 anni
1084 2630 1180 2704 relata
1193 2655 1327 2729 quoquc
1350 2632 1421 2704 sunt
1437 2660 1527 2732 quas

175 2732 257 2802 dam
281 2732 491 2829 experimenta
510 2733 593 2797 circa
612 2729 760 2822 lacryma:
780 2730 889 2796 vitreae
915 2725 1202 2806 confradlionem,
1240 2752 1311 2823 quae
1337 2733 1463 2801 iteravit
1493 2739 1527 2804 in

173 2829 266 2897 noval
290 2824 342 2896 sua
360 2822 508 2894 machina
531 2828 576 2894 D.
596 2819 769 2919 Homberg
790 2829 823 2891 δι
845 2819 995 2917 quasdam
1014 2821 1263 2893 circumstantias
1283 2823 1526 2914 animadvertit,

172 2944 271 2994 antea
285 2921 431 2992 nondum
446 2916 638 2992 observatas.
659 2924 696 2988 In
711 2920 810 3011 priori
833 2916 965 3012 quidem
991 2914 1138 2985 machina
1161 2914 1360 3013 lachrymam
1384 2916 1526 3016 disrupto

174 3020 284 3088 caudae
297 3037 443 3086 extremo
455 3015 569 3106 majori
580 3019 704 3109 impetu
719 3008 824 3107 frangi
844 3008 995 3080 exhausto
1015 3012 1111 3094 a'e‘re,
1138 3009 1240 3105 qualm
1269 3016 1302 3081 in
1325 3009 1427 3083 libero
1453 3021 1526 3086 ai'te

172 3130 401 3212 compererat,
422 3113 455 3179 in
472 3110 557 3178 noval
570 3103 623 3177 sud
638 3105 786 3176 machind
800 3131 867 3179 non
884 3103 917 3174 id
937 3099 1040 3179 solum
1060 3108 1166 3176 evenit
1189 3158 1200 3190 ,
1229 3100 1280 3175 sed
1297 3110 1395 3178 etiam
1415 3107 1528 3180 obser-

171 3228 290 3278 vatum
300 3203 343 3276 ab
355 3227 396 3274 eo
412 3201 473 3274 fuit
492 3202 599 3272 multo
613 3204 764 3271 minutius
775 3207 834 3271 teri
846 3199 929 3271 illius
941 3204 1016 3272 vitri
1030 3199 1231 3298 fragmenta,
1245 3203 1313 3271 imo
1329 3209 1363 3273 dc
1378 3202 1527 3275 nonnihil

174 3297 307 3372 luminis
316 3305 353 3370 in
369 3296 527 3367 fractione
539 3291 604 3390 ipsa
619 3295 743 3366 vibrare
761 3317 910 3393 expertus
927 3294 984 3367 est.

176 3430 179 3435 ·
217 3389 379 3466 Incaubs
396 3391 513 3462 horum
525 3391 700 3461 effictum
717 3393 900 3484 inquirens,
919 3414 987 3459 rem
1006 3385 1107 3484 ipsam
1121 3389 1163 3460 ab
1177 3387 1283 3462 altiori
1302 3398 1417 3490 repetit
1439 3400 1526 3489 prin·

174 3495 277 3588 cipio.
303 3491 392 3562 Cum
412 3488 567 3557 Audiores
589 3480 721 3555 diversas
735 3483 826 3573 hujus
841 3483 1005 3555 frailionis
1026 3488 1166 3553 rationes
1186 3480 1322 3556 afferant
1345 3542 1355 3571 ,
1388 3510 1525 3579 quarum

172 3585 239 3675 aliq
254 3587 326 3658 aliia
380 3585 462 3651 nitus
480 3578 706 3664 adversantur,
729 3578 804 3646 hinc
817 3577 921 3675 palam
935 3577 978 3645 cst
992 3601 1060 3646 rem
1080 3571 1180 3672 ipsam
1198 3576 1314 3674 magnd
1334 3579 1525 3651 obscuritate

173 3681 240 3754 else
254 3686 332 3753 into
345 3700 443 3750 utam.
469 3680 548 3745 Sunt
568 3679 624 3772 qui
644 3671 768 3744 causam
783 3669 874 3765 hujus
892 3671 1024 3742 eiledlus
1043 3667 1190 3765 inipsum
1210 3676 1284 3740 a‘c'ra
1309 3669 1465 3745 inclusum
1489 3679 1523 3744 in

175 3780 322 3873 lacryma
336 3830 346 3861 ‚
361 3779 395 3843 δι
409 3773 501 3843 vaide
514 3773 662 3841 cordium
675 3769 832 3852 referant,
854 3772 910 3862 qui
923 3762 1061 3861 disrupral
1073 3764 1171 3833 candal
1189 3787 1262 3835 cum
1274 3770 1396 3863 impetu
1413 3793 1525 3841 erum-

174 3875 254 3971 pit,
274 3881 305 3944 &
316 3877 350 3942 in
363 3868 467 3937 ardus
480 3867 584 3936 cauda
599 3888 720 3938 meatus
732 3862 823 3934 limul
835 3866 1034 3960 impingens,
1046 3856 1141 3957 ipsius
1149 3858 1245 3932 latera
1257 3860 1379 3933 divellit
1388 3886 1527 3961 eamque

174 3974 212 4040 in
223 3965 391 4063 pulverem
405 3965 437 4028 vi
450 3957 502 4031 sud
516 3959 640 4029 elastna
652 3962 854 4031 comminuit.

226 4060 294 4132 dlii
318 4063 335 4132 ὲ
358 4078 468 4128 contra
490 4078 659 4151 perparum
678 4059 778 4136 a'c'ris,
795 4061 828 4123 δι
842 4057 945 4123 minua
959 4054 1063 4121 coadli
1076 4055 1108 4120 in
1124 4051 1266 4148 lacrymd
1285 4050 1380 4123 ineffe
1392 4055 1527 4149 opinan-

173 4180 251 4244 tut,
272 4159 353 4226 adeo
365 4175 400 4222 ut
413 4154 505 4246 rupti
517 4145 664 4245 lacryma
681 4152 778 4219 caudd
790 4170 935 4218 externus
944 4151 997 4217 a'e‘r
1007 4171 1062 4246 per
1074 4170 1215 4242 patentes
1235 4171 1357 4219 meatus
1372 4151 1528 4243 irrumpat

174 4256 263 4330 &in
283 4250 448 4346 pulverem
467 4269 538 4313 cam
560 4245 623 4313 redi
648 4267 691 4314 at.
1313 4275 1316 4286 ·

227 4338 535 4416 Recentiorechunc
553 4270 704 4408 effidnm
720 4335 823 4410 subtili
844 4341 984 4408 materia
1004 4335 1144 4407 referunt
1157 4360 1337 4435 acceptum.
1361 4340 1449 4408 Nam
1464 4336 1527 4407 hu·

170 4455 226 4543 jus
240 4437 401 4533 particula
415 4457 469 4530 per
488 4457 617 4523 apertos
637 4457 757 4504 meatus
770 4435 874 4502 caudae
887 4433 1031 4528 disruptae
1047 4439 1211 4504 turmatim
1237 4429 1401 4503 subeuntes
1420 4438 1528 4500 conti.

171 4557 280 4613 nuato
292 4536 404 4603 itinere
417 4533 450 4597 in
462 4528 611 4598 ardliores
625 4551 719 4621 potor
732 4523 898 4599 offendunt
909 4583 920 4614 ,
933 4526 989 4598 ubi
1006 4533 1142 4598 nimium
1153 4530 1272 4617 ardiatq
1283 4530 1369 4596 viam
1380 4518 1435 4596 fibi
1448 4527 1526 4595 ller-

171 4655 276 4711 nunt.

231 4734 279 4804 Et
296 4724 425 4820 quidem
438 4722 541 4818 prime
554 4720 715 4814 opinionis
728 4719 873 4794 aridiores
886 4718 1041 4824 nonsatis
1056 4719 1201 4791 videntur
1215 4713 1431 4858 attesrpderead
1452 4740 1528 4790 eum

1316 4831 1337 4858 η
1365 4824 1386 4858 ri
