3646 5430
344 328 691 403 ACADEMiAE
737 328 1073 407 HISTORIA.
1119 328 1196 406 ha.
1218 337 1276 408 m.
1435 338 1497 433 '285

202 424 232 493 Id
248 422 329 494 verri
353 427 373 494 d
392 431 435 498 D.
457 421 591 496 Cassino
610 421 835 494 confirmatum
848 421 909 498 suit
922 451 960 498 er
974 425 1159 521 differentiis
1173 428 1409 515 longitudinum
1423 444 1493 528 quc
1512 426 1625 518 Astro-

158 523 185 591 in
199 516 307 591 tabulis
324 519 554 616 Geographieis
570 515 641 589 sunt
658 518 823 615 defignarae
844 577 855 607 ‚
871 546 1006 617 queque
1020 521 1061 592 ab
1084 526 1122 592 iis
1137 548 1215 618 quas
1231 510 1400 596 satellitum
1416 529 1490 598 ccii·
1508 544 1590 616 nom.

158 615 212 779 pies
228 635 304 685 cum
321 619 354 686 in
374 614 437 686 hoc
464 611 714 694 Observatorio,
736 638 806 685 rum
829 622 862 686 in
886 614 1037 688 Siamensr
1058 628 1090 691 &
1111 622 1143 688 in
1160 617 1280 689 Siueufi
1308 647 1408 719 regno
1429 623 1492 694 ob.

169 733 306 781 errarunt
327 716 433 784 Patres
455 712 622 780 societatis
653 708 721 804 Jesu
745 714 766 780 d
790 714 840 799 Re
863 738 881 782 e
901 711 1170 784 Christianisfimo
1189 716 1230 784 cri
1254 715 1335 788 misst
1357 742 1391 787 ur
1414 724 1492 791 Ma.

154 803 310 877 thematici
326 809 376 877 Re
401 811 448 893 ii,
465 810 583 873 mirum
602 802 763 899 quanrrim
780 737 936 882 dissident.
963 812 1028 881 Cui
1051 813 1122 879 Rex
1142 812 1194 881 M.
1210 814 1378 882 Britanniae
1394 816 1490 886 vehe-

150 911 268 970 'rnenter
285 898 349 970 asse
385 925 421 971 us
444 901 587 992 adjecit,
621 905 655 969 in
676 902 856 997 idquoque
873 903 995 999 Angliae
1013 905 1224 973 Asironomos
1240 905 1375 976 studium
1400 907 1490 983 suum

150 994 308 1066 coruuliffe
319 1051 330 1083 ‚
353 1018 389 1066 ut
409 995 521 1069 rabula
539 995 769 1092 Geograp'hicae
782 1021 820 1067 ex
832 997 1017 1071 differentiis
1042 1001 1290 1071 meridianorum
1301 1029 1356 1102 per
1370 1001 1490 1079 satelli·

150 1110 210 1161 tum
234 1087 368 1190 eclipses
388 1090 642 1163 emendarentur.

187 1195 231 1260 V.
261 1187 299 1256 sd
327 1193 434 1283 operis
454 1192 488 1256 in
516 1183 580 1254 hoc
610 1183 844 1259 Observarorio
870 1182 935 1258 susc
976 1211 1047 1260 turn
1083 1185 1175 1260 fuisse
1198 1194 1303 1268 innuit
1331 1199 1374 1268 D·
1406 1196 1488 1270 Cas-

150 1283 332 1376 ini,arque
348 1284 446 1353 instar
456 1278 616 1370 cujusdam
639 1277 817 1378 speciminis
839 1281 959 1381 planisp
983 1288 1093 1355 aeriurrr
1118 1287 1305 1360 terrestreiu
1340 1298 1489 1366 avimeu·

149 1404 180 1449 :o
194 1378 287 1448 turris
298 1376 517 1450 Occidentalis
531 1373 619 1448 fuisse
630 1379 822 1449 delineatum
835 1380 943 1473 quoad
954 1376 1023 1449 fieri
1038 1383 1145 1478 potuit
1156 1318 1397 1460 accuratissimi·
1413 1389 1489 1462 Pla·

149 1479 211 1546 :uit
230 1474 317 1570 Regi
333 1471 412 1542 illud
433 1476 570 1557 intueri,
587 1497 728 1567 cumque
744 1498 782 1543 er
797 1497 863 1544 una
883 1477 916 1542 in
929 1473 1027 1544 aliam
1043 1479 1158 1546 turrim
1185 1472 1215 1547 se
1237 1481 1418 1574 conferret,
1440 1492 1488 1563 D.

149 1565 289 1641 &unos
305 1592 370 1665 qua
384 1573 508 1640 ratione
519 1570 635 1639 vitrao
658 1574 720 1638 tica
735 1566 776 1640 stc
787 1572 890 1667 aptari
912 1566 1053 1668 possint,
1075 1593 1184 1643 utres
1202 1571 1335 1667 objectae
1350 1576 1427 1650 crim
1453 1586 1489 1654 in

149 1665 227 1736 :cio
245 1719 256 1750 ‚
273 1667 396 1735 namin
414 1686 497 1734 terra
514 1667 592 1734 citra
605 1596 699 1734 tuias
713 1660 968 1761 conspiciaunu,
994 1662 1149 1763 exposuit.
1175 1672 1251 1766 Qa
1273 1674 1402 1766 quidem
1417 1701 1490 1748 me.

149 1759 243 1831 hodo
261 1754 334 1830 usus
353 1757 416 1833 suit
432 1765 465 1830 in
484 1760 663 1858 detegendis
679 1764 773 1830 novis
785 1764 913 1829 Saturni
927 1755 1118 1834 satellitibus·
1147 1769 1280 1834 Vitrum
1293 1764 1492 1860 objesiivum

150 1883 201 1929 οο
228 1854 299 1927 scre
321 1855 472 1953 pedum,
501 1851 643 1925 fenestra
660 1879 730 1951 quae
748 1855 786 1926 ad
812 1858 834 1924 S
876 1858 1493 1954 tentrionemdirigituraiDHarsou·

149 1977 199 2025 ter
220 1956 351 2025 Batavo
373 1948 606 2036 elaboratum,
635 1948 677 2020 fic
694 1948 832 2048 pofitum
869 1973 986 2038 uerat,
1012 1974 1048 2022 ut
1070 1976 1127 2050 per
1162 1952 1290 2027 oculare
1314 1960 1435 2030 virtum
1457 1966 1493 2033 in

149 2045 280 2120 Australi
307 2071 401 2144 porta
434 2049 577 2116 ereeium
607 2070 654 2115 res
684 2043 811 2140 objecta
832 2048 955 2116 eminus
978 2044 1032 2119 fita
1056 2048 1089 2116 in
1116 2044 1196 2118 urbe
1221 2053 1231 2118 i
1257 2045 1492 2131 sacernererur.

149 2147 284 2242 *legavit
306 2141 386 2213 iliud
401 2138 460 2212 esse
477 2143 684 2212 necessarium
701 2197 710 2224 ,
725 2164 760 2212 ut
774 2141 875 2211 radius
890 2138 1014 2213 visualis
1028 2140 1070 2213 ab
1088 2167 1154 2212 uno
1173 2144 1212 2214 ad
1224 2076 1358 2218 aiterum
1372 2154 1492 2224 vitrum

148 2239 313 2310 rrodustus
332 2236 497 2331 objectiva
515 2234 778 2335 perpendicularis
796 2234 912 2306 insistat
926 2271 935 2326 3
948 2233 998 2308 scd
1015 2236 1208 2310 multiseum
1226 2241 1374 2336 gradibus
1395 2247 1492 2319 iuclr'-

148 2341 203 2407 tari
219 2332 338 2434 posse,
366 2358 427 2404 nec
446 2338 622 2428 quicquam
643 2330 682 2399 de
699 2330 918 2429 perspicuitate
938 2338 983 2401 rei
1005 2331 1168 2424 objediae,
1193 2359 1246 2405 aut
1262 2339 1406 2410 distincta
1423 2351 1491 2436 ejus

148 2425 260 2501 isrone
274 2451 442 2529 propterea
458 2428 629 2496 decedere:
645 2427 725 2493 adeo
737 2447 773 2494 ur
785 2429 818 2493 in
836 2448 873 2493 ea
891 2450 989 2519 quam
1010 2427 1145 2495 diximus
1159 2434 1317 2498 vitrorum
1329 2435 1489 2522 distantia,

148 2524 272 2597 ›cularc
285 2546 340 2626 per
349 2546 454 2595 rotam
473 2522 614 2620 portieils
629 2516 852 2591 Observatorii
864 2516 1064 2589 latitudinem
1077 2525 1201 2590 moveri
1215 2519 1291 2592 loco
1305 2523 1410 2620 possit,
1421 2533 1489 2623 qud

148 2617 272 2690 siversae
286 2644 333 2691 res
343 2619 472 2714 objesiae
485 2613 683 2688 dextrorsum
698 2622 731 2686 dt
748 2609 953 2684 sinistrorsum
968 2611 1076 2713 pofitar
1094 2613 1256 2709 objediivo
1268 2623 1353 2690 vitro
1363 2626 1490 2717 penitus

149 2736 474 2787 mmotocernantur.
1450 2766 1451 2770 η

192 2815 264 2898 VI.
298 2810 378 2882 Illud
398 2813 496 2879 etiam
521 2811 630 2903 Regiae
654 2807 814 2894 Asaiesiati
835 2804 1047 2892 minuatum,
1065 2830 1190 2905 quanta
1206 2804 1243 2881 srt
1261 2811 1408 2886 utilitatis
1420 2813 1489 2887 haec

148 2913 218 2979 viera
230 2903 286 2978 dis
299 2906 419 2977 onendi
432 2908 514 2973 ratio
535 2907 569 2972 iu
584 2903 654 2998 ipsrs
668 2899 802 2970 siderum
815 2897 1100 2976 observationibus.
1130 2911 1168 2973 ln
1186 2906 1271 2979 hunc
1286 2905 1376 2979 usum
1397 2917 1490 2982 turris

148 3012 156 3075 i
264 2935 329 3073 aira
346 3023 404 3074 120
426 2996 556 3096 pedibus
579 3001 679 3097 Regis
694 2991 950 3066 Christianiffimi
969 2991 1048 3085 jussu
1066 2997 1225 3070 Marliaco
1247 3001 1396 3077 transsata
1423 3007 1488 3092 est,

147 3026 386 3171 monendis
398 3100 489 3192 aquis
510 3090 702 3165 inservierat.
726 3097 764 3161 ln
779 3088 852 3190 ipfis
868 3093 962 3160 turris
982 3090 1104 3190 angulis
1124 3093 1224 3190 tigilla
1251 3091 1322 3167 sunt
1341 3094 1490 3198 disposta

147 3218 194 3265 rer
205 3218 280 3290 quae
294 3190 443 3263 machina
455 3190 600 3274 ducitur,
616 3213 679 3285 qua
690 3191 811 3258 vitrum
825 3185 1021 3278 objeeiivum
1036 3190 1075 3259 ad
1091 3192 1175 3260 Astri
1197 3188 1307 3261 locum
1323 3194 1488 3293 dirigatur,

147 3292 213 3359 ium
227 3287 359 3360 oculare
373 3309 469 3356 manu
484 3306 608 3354 tenetur
622 3284 693 3380 pedi
705 3278 761 3352 suo
776 3279 937 3370 infistens,
958 3290 991 3354 in
1014 3309 1081 3382 quo
1098 3282 1197 3358 libere
1219 3310 1369 3361 movetur
1391 3314 1487 3388 penes

147 3384 202 3457 'uci
215 3383 258 3454 ab
272 3381 437 3472 objectiva
450 3380 641 3452 distantiam.

184 3482 268 3553 Vis.
294 3474 553 3573 Planisphaetium
572 3472 747 3544 terrestres
764 3471 1022 3543 D.D.Sedileau
1034 3481 1067 3544 de
1082 3474 1253 3547 Chazelles
1272 3481 1413 3572 primum
1433 3484 1490 3552 de.

147 3579 292 3649 inertum
311 3580 399 3666 iuxta
409 3581 475 3665 ejus
488 3569 743 3639 emendationem
758 3565 799 3635 ab
819 3565 991 3636 Academia
1003 3564 1122 3636 fastam
1148 3573 1219 3639 Rex
1243 3593 1372 3642 contem
1396 3573 1489 3662 larus,

147 3667 232 3742 imus
243 3679 276 3744 dc
288 3668 380 3752 loca,
397 3691 471 3736 cum
486 3661 527 3733 ab
548 3665 745 3734 Academicis
757 3666 790 3730 in
802 3657 937 3731 diversas
951 3657 1036 3729 orbis
1050 3684 1152 3755 partes
1175 3666 1274 3759 Regis
1286 3600 1490 3739 Chridianis-

147 3762 210 3836 imi
221 3761 301 3856 jussu
319 3760 415 3834 missis
428 3762 566 3832 restituta
581 3816 591 3844 ,
609 3755 796 3828 nimirums
819 3758 861 3825 D.
881 3760 926 3826 D.
939 3757 1050 3826 Picard
1068 3810 1079 3840 ,
1095 3755 1135 3826 de
1156 3755 1185 3828 ia
1209 3762 1318 3848 Hire,
1341 3761 1488 3859 Richer3

147 3864 264 3933 [tenid
286 3866 330 3932 D.
349 3865 393 3931 D.
406 3863 527 3940 Varin,
547 3859 588 3924 du
607 3854 687 3925 Glos
708 3908 719 3939 ‚
738 3861 770 3925 dr
790 3852 953 3946 Desbayes
965 3855 1020 3947 qui
1037 3856 1069 3922 in
1084 3857 1251 3944 Daniam,
1275 3864 1306 3923 &
1327 3863 1361 3928 in
1383 3883 1489 3933 extre.
1590 3931 1593 3941 ,

147 3981 214 4028 nas
234 3954 343 4028 Gallia
361 3977 452 4036 oras,
474 3956 506 4020 in
523 3954 786 4023 promontorium
810 3948 941 4031 Viride,
959 3946 1080 4018 Antissa
1106 3981 1115 4036 ς
1137 3971 1207 4020 tum
1226 3955 1246 4022 d
1263 3953 1407 4026 Patribus
1426 3961 1490 4027 So·

146 4055 261 4124 :ieratis
277 4055 335 4148 qui
350 4053 383 4117 in
404 4052 499 4117 Bonae
517 4043 581 4143 spei
594 4049 847 4130 Promontorio,
862 4049 894 4113 in
909 4039 1062 4112 Siamcusr
1077 4068 1177 4141 regno
1190 4102 1200 4132 ,
1215 4055 1248 4119 &
1269 4051 1491 4124 Orientalibus

146 4146 241 4262 ringis
258 4169 348 4216 veras
359 4142 595 4239 longitudinum
609 4140 801 4213 differentias
824 4137 930 4210 multo
950 4141 1091 4212 minores
1103 4136 1163 4210 esse
1175 4145 1276 4238 quim
1298 4171 1368 4242 quae
1384 4150 1419 4216 iu
1438 4172 1489 4220 ra·

146 4241 219 4314 >ulis
233 4239 305 4312 sunt
317 4240 500 4324 delineata,
523 4257 758 4335 compererunt.
1549 4296 1551 4302 ,

182 4342 276 4411 vlu.
302 4342 383 4408 Haec
399 4338 442 4402 ita
461 4331 491 4404 se
513 4331 629 4404 habere
647 4335 717 4403 Rex
730 4355 769 4399 ex
781 4355 821 4400 eo
836 4328 903 4430 ipso
921 4328 1168 4428 comprobavit,
1180 4336 1270 4429 qudd
1285 4360 1358 4408 curn
1373 4343 1405 4407 in
1419 4336 1489 4410 An·

146 4437 201 4508 uia
213 4430 416 4534 exploratum
429 4426 522 4515 esset,
540 4450 697 4524 quantum
718 4422 808 4522 spatii
828 4428 942 4524 gradus
965 4450 1046 4498 unus
1075 4430 1336 4501 circumferentia
1359 4438 1490 4503 maximi

146 4504 276 4604 irterra
296 4522 408 4598 circuli
433 4545 635 4623 occuparer,
661 4522 765 4593 multo
789 4525 820 4591 id
841 4531 942 4610 majus
967 4521 1069 4618 quam
1091 4545 1164 4593 aute
1185 4525 1339 4596 creditum
1354 4526 1488 4617 fuerat,

149 4648 307 4699 ruentum
339 4619 387 4695 srt.
420 4625 510 4693 Nam
536 4648 577 4710 7²
603 4618 727 4718 Angiiae
751 4616 900 4689 milliaria
920 4623 975 4689 uni
999 4617 1110 4716 gradui
1133 4616 1319 4717 respondere
1339 4647 1490 4720 comper.

146 4749 209 4798 um
223 4722 294 4813 esi,
317 4741 394 4793 cunr
407 4739 502 4791 aurea
516 4717 558 4791 ad
582 4728 627 4791 60
649 4736 777 4788 tanum
795 4710 944 4788 milliaria
952 4734 1065 4813 'patere
1088 4709 1189 4811 vulgo
1193 4706 1387 4884 1perseipsum
1405 4714 1492 4796 esset.

1240 4832 1262 4882 n
1298 4821 1333 4910 u]
