3646 5430
380 312 727 390 ACADEMIAE
773 306 1252 384 immittatur.
1466 332 1530 405 5or

1397 400 1404 412 '
1480 440 1481 444 =
1548 397 1650 466 Ana·

1346 556 1352 564 ι

584 636 880 731 CAPUT
964 641 1107 727 VII.

623 859 680 928 De
698 841 814 924 Rebus
834 849 1092 939 anatomicis„

167 1059 205 1130 1.
328 1056 399 1129 Um
421 1056 472 1128 die
485 1056 664 1161 ajanuarii
678 1061 723 1127 1).
736 1062 834 1155 Mery
847 1083 969 1131 novum
982 1057 1146 1154 quoddam
1154 1082 1211 1128 uas
1223 1059 1435 1127 excretorium
1447 1079 1534 1126 non-

328 1154 405 1221 dum
417 1161 585 1250 cognitum
599 1156 632 1221 in
635 1151 785 1315 1{artibus
797 1159 996 1246 generationi
1008 1155 1166 1231 destinatis
1174 1149 1370 1236 exhibuisset,
1382 1175 1420 1219 ac
1430 1148 1534 1220 subin·

169 1246 221 1317 ale
239 1247 338 1320 verba
356 1245 467 1318 fierent
480 1248 519 1319 de
531 1249 633 1318 admit
677 1247 711 1316 ili
728 1247 884 1319 strublurl
898 1248 1023 1320 illarum
1043 1254 1182 1347 patrium
1196 1306 1207 1335 ,
1223 1255 1268 1319 D.
1285 1247 1409 1317 Dodart
1421 1267 1533 1316 utrem

175 1340 287 1442 saepius
298 1339 360 1414 ase
379 1337 478 1414 visam
491 1345 649 1427 narravit,
665 1338 903 1429 cochleas‚.seu
916 1343 1045 1416 limaces
1061 1346 1160 1416 videri
1173 1344 1232 1415 elle
1256 1368 1295 1413 ex
1320 1338 1534 1436 hermaphro-

170 1439 321 1512 ditarum
335 1461 464 1536 genere,
485 1460 584 1532 atque
596 1461 662 1506 uno
675 1445 707 1508 &
722 1443 994 1538 eodemtempore
1010 1438 1172 1535 utriusque
1188 1438 1276 1510 sexus
1295 1435 1384 1509 obire
1405 1458 1533 1524 munus;

173 1538 220 1608 In
238 1541 275 1606 iis
288 1557 390 1632 partes
402 1537 615 1627 generationis
624 1557 725 1699 prope
738 1534 860 1605 collum
873 1533 945 1606 siras
960 1534 1032 1616 else,
1045 1557 1143 1632 atque
1157 1540 1201 1608 ita
1215 1542 1318 1621 coire,
1326 1554 1360 1602 ut
1372 1525 1536 1629 utriusque

175 1632 410 1702 tantummodi)
421 1635 524 1726 capita
533 1630 579 1703 ,ad
592 1627 623 1697 le
636 1653 653 1696 e
668 1651 782 1699 mutuo
798 1632 961 1702 accedant.

1549 509 1620 558 tom.

236 1731 290 1798 11.
329 1728 392 1795 Die
407 1750 437 1820 ¹5
454 1725 592 1817 ejusdem
610 1720 722 1793 mensis
740 1725 823 1794 idem
841 1732 887 1799 D.
902 1731 1000 1823 Mery
1012 1727 1092 1798 illud
1105 1726 1352 1826 inRupricaprl
1369 1721 1475 1820 palam
1488 1717 1535 1790 fe·
1573 1739 1576 1749 “
1685 1763 1725 1830 .-

172 1824 250 1907 uit,
265 1821 395 1893 dublum
413 1824 587 1916 pancteatis
605 1841 671 1888 non
684 1817 795 1915 in-ipsa
807 1822 953 1892 intestina
966 1878 976 1908 ‚
990 1820 1041 1892 sed
1057 1827 1091 1893 in
1108 1820 1349 1893 cholodochum
1369 1813 1507 1886 desinere
1523 1832 1539 1896 ,’

167 1914 585 2012 quatuor-ventriculos&
596 1934 699 2011 partes
706 1921 921 2018 generationis
936 1920 1156 2017 Rupticaprae,
1172 1927 1205 1992 &
1215 1911 1451 2015 capseelybicae
1463 1934 1539 1982 orn-

169 2016 263 2083 nino
283 2010 344 2083 else
364 2008 555 2084 consimiles,

235 2113 319 2180 111.
359 2112 420 2178 Die
435 2109 632 2203 22Januatii
643 2107 694 2179 D.
716 2108 817 2180 cane
831 2110 998 2208 epistolam
1013 2108 1090 2208 legit
1102 2109 1142 2183 ad
1158 2105 1330 2194 l'ellresto‚
1352 2103 1431 2176 seu-e
1443 2125 1540 2202 portu

175 2199 357 2278 ,Brivatensi
372 2200 494 2273 millam
505 2258 515 2287 ,
525 2208 565 2273 in
578 2203 642 2297 qual
655 2201 808 2298 singulare
819 2207 971 2300 quiddam
985 2211 1179 2280 continetur.
1211 2208 1284 2276 viri
1302 2200 1418 2274 nobilis
1436 2253 1453 2284 ‚
1480 2226 1540 2272 na·

162 2305 215 2373 „vi
229 2327 260 2373 re
285 2308 314 2392 ie
332 2297 494 2398 pressuri,
519 2324 630 2395 aperto
655 2300 804 2369 cadauere
824 2302 965 2371 auricula
980 2303 1089 2382 dextra
1112 2303 1216 2375 cordis
1238 2299 1318 2369 adeo
1347 2298 1479 2366 dilatata
1505 2301 1540 2370 in

165 2327 391 2490 consessum
406 2399 514 2481 venit,
528 2418 563 2464 ut
577 2416 671 2493 caput
683 2389 813 2464 infantis
829 2419 937 2466 recens
963 2400 1045 2466 narif
1063 2420 1089 2464 ae
1115 2416 1203 2466 uacet
1223 2392 1463 2488 magnitudine,
1486 2414 1540 2462 at-

161 2517 246 2588 que
260 2491 375 2563 libram
392 2485 554 2583 sanguinis
568 2516 642 2561 cum
656 2483 775 2559 semisse
787 2513 916 2579 caperet
932 2525 942 2578 3
967 2495 1053 2560 intus
1073 2486 1106 2560 su
1132 2487 1244 2560 stantib
1258 2487 1363 2572 ossus,
1389 2494 1421 2556 &
1444 2483 1540 2581 squa-

179 2591 274 2658 mosl
290 2609 355 2656 erat
371 2586 524 2670 inducta,
543 2587 622 2656 adeo
641 2607 677 2655 ut
697 2580 794 2652 instar
818 2583 955 2657 folliculi
971 2592 1044 2656 a'e'te
1066 2585 1167 2657 inflati
1185 2586 1263 2654 <luta
1280 2582 1356 2653 esset
1378 2606 1416 2652 ac
1442 2576 1540 2675 tensa.

180 2680 338 2756 Difficilis
358 2681 432 2751 huic
453 2705 519 2752 erat
535 2679 692 2752 anhelitus
712 2735 722 2764 ,
745 2679 849 2774 pulsus
863 2681 963 2751 durus
984 2691 1017 2754 δι
1037 2680 1216 2777 frequens,
1241 2678 1412 2749 vehemens
1438 2675 1542 2745 cordis

169 2780 361 2877 palpitatio.
397 2779 475 2846 Hoc
492 2774 597 2846 morbi
613 2798 684 2846 ante
697 2798 734 2848 ra
746 2797 867 2865 annos,
885 2800 958 2847 cum
974 2782 1027 2845 ira
1039 2776 1235 2848 vehementis
1250 2779 1541 2872 impetum-magno

167 2897 302 2945 senatu
316 2867 498 2942 inhibuisset
511 2929 520 2955 ‚
532 2877 709 2965 inceptum
723 2925 732 2952 ‚
747 2878 780 2940 δι
794 2875 826 2938 in
842 2872 906 2941 dies
918 2868 1174 2943 ausbumaiebatt

232 2975 310 3042 lll.
352 2972 414 3036 Die
436 2991 448 3046 5
473 2966 630 3037 Februarii
649 2968 791 3035 dentium
807 2962 1057 3052 sounationem,
1082 2974 1114 3035 δι
1138 2960 1315 3062 progressus
1329 2964 1433 3061 palam
1448 2964 1541 3034 exhi-

167 3064 264 3138 buit.
297 3061 503 3140 Verum-hoc
517 3084 740 3159 argumentum
760 3060 810 3129 die
829 3089 865 3150 rt
893 3062 1025 3158 Augusti
1043 3060 1138 3132 fufius
1157 3062 1201 3130 est
1216 3059 1392 3156 persecutus
1409 3059 1541 3157 prolatis

168 3159 320 3233 :maxillis
336 3158 528 3231 &dentibus
543 3154 694 3251 cuiusque
705 3160 803 3225 atatis
814 3156 1011 3244 bominum,
1030 3180 1128 3255 atque
1145 3159 1182 3228 el
1196 3159 1234 3228 de
1248 3157 1443 3255 teescripto
1461 3155 1540 3252 legit

166 3254 430 3327 dissertationem
441 3252 632 3343 ,cuiushaec
647 3250 715 3322 fere*
728 3247 851 3322 summa
864 3254 919 3328 est.

187 3386 190 3393 ·
233 3356 271 3420 ln
293 3349 374 3421 stetu
386 3348 517 3418 maxilla
530 3347 664 3417 ⁸inferior
686 3349 719 3412 in
743 3345 808 3414 duo
826 3348 895 3417 olla
910 3349 1063 3419 dividitur
1081 3402 1095 3428 ,
1117 3372 1191 3445 quae
1213 3354 1380 3420 cummuni
1407 3349 1539 3419 vinculo

175 3450 284 3516 tuenti
309 3446 417 3514 medio
442 3444 486 3512 est
511 3442 689 3533 conjunsla
711 3463 720 3506 τ
749 3438 799 3507 sed
824 3441 920 3537 paulo
942 3445 1013 3534 post
1034 3442 1191 3513 infantem
1208 3464 1320 3512 natum
1336 3443 1400 3511 hoc
1416 3441 1540 3538 glutine

135 3606 140 3613 .
167 3542 330 3611 ⁴indurato
352 3565 387 3609 os
407 3561 511 3607 -unurn
537 3539 554 3606 e
584 3534 709 3602 duobus
734 3532 898 3609 coalescit.
933 3535 1067 3607 Maxilla
1087 3536 1234 3633 ⁴superior
1263 3538 1383 3606 induo
1408 3561 1540 3632 quoque

173 3631 429 3719 allaetantur,
446 3657 515 3727 qua
530 3629 753 3728 utplurimum
768 3635 866 3701 totius
878 3637 950 3703 vitae
964 3627 1094 3701 decursu
1102 3652 1237 3701 manent
1245 3628 1397 3727 separata.

168 3780 173 3785 -
230 3736 267 3800 ln
290 3728 358 3829 ipso
373 3728 579 3802 formationis
592 3728 686 3795 initio
700 3728 954 3821 unumquodque
981 3727 1160 3823 &quatuor
1189 3723 1307 3796 ollibus
1320 3733 1454 3825 utrique
1472 3752 1540 3798 ma-

157 3828 263 3900 nxillae
278 3832 413 3924 propriis
430 3848 527 3892 uuam
539 3821 627 3892 velut
641 3816 755 3890 fossant
775 3817 876 3895 efficit
896 3825 992 3895 instar
1008 3821 1176 3894 canaliculi
1191 3844 1251 3892 aut
1276 3821 1386 3894 helicis
1405 3827 1541 3921 ,quarn

177 3928 316 3993 materia
329 3918 422 3990 densa
436 3977 445 4003 ‚
460 3914 665 4015 &glutinosa
682 3915 776 3988 instar
786 3919 958 3991 albuminis
971 3923 1027 3989 ovi
1038 3917 1149 4014 replet.
1183 3923 1266 3990 Haec
1282 3919 1431 3991 dividitur
1445 3924 1477 3989 in
1490 3919 1542 3990 sex

174 4016 355 4118 -globnlos,
373 4022 558 4087 &exterius
580 4012 862 4110 quidemgingivis
877 4012 1035 4084 obdustus
1056 4069 1066 4095 ,
1090 4020 1125 4084 ot
1147 4020 1232 4085 intus
1255 4018 1338 4086 intra
1357 4015 1543 4111 pradictum

180 4113 396 4185 canaliculum
409 4167 423 4199 A,
444 4133 499 4181 aut
515 4106 637 4178 sulcum
651 4107 790 4204 quldam
805 4108 966 4180 involutus
978 4106 1189 4200 membranl,
1206 4136 1277 4208 quae
1298 4111 1368 4183 illos
1381 4111 1444 4181 uult
1461 4137 1543 4181 con-

180 4211 299 4286 nefflt.
825 4250 827 4254 ι
924 4220 927 4225 ’
987 4217 991 4221 ’

243 4308 290 4380 Hi
313 4300 438 4400 globuli
453 4324 627 4398 antequam
640 4303 673 4370 in
686 4297 754 4372 ossa
763 4303 971 4389 induruerint,
984 4308 1051 4393 jam
1062 4327 1102 4374 ea
1116 4300 1250 4376 crsffitie
1261 4303 1431 4386 donantur,
1445 4325 1544 4394 quam

164 4403 291 4473 ..detues
304 4395 359 4495 ipsi
373 4404 405 4468 in
419 4423 502 4493 quos
520 4392 698 4485 facessunt,
710 4397 849 4481 habituri
862 4393 951 4472 sunt.¹
980 4403 1060 4494 Qu
1077 4420 1144 4471 tens
1171 4423 1227 4471 ote
1252 4393 1319 4468 ossa
1342 4395 1545 4471 maxillarum

183 4491 389 4593 perficiuntur
401 4550 411 4578 ‚
422 4490 550 4589 praefati
571 4487 649 4564 sulci
663 4549 673 4580 ,
692 4517 746 4572 aut
761 4492 926 4565 canaliculi
941 4490 1043 4563 osseas
1053 4425 1197 4566 lamellas
1210 4496 1373 4588 utrimque
1386 4518 1422 4564 ex
1441 4493 1546 4562 trans-

184 4585 276 4658 ·verso
297 4587 484 4690 proferunt,
498 4612 568 4681 quae
578 4587 643 4656 una
658 4591 836 4678 conjunt‘lae
850 4586 937 4659 ossea
948 4585 1092 4659 efficiunt
1112 4589 1287 4686 sepimenta
1303 4644 1313 4674 ,
1334 4587 1449 4685 quibus
1465 4593 1497 4657 in
1522 4598 1545 4659 6

177 4680 274 4764 ‚relus
293 4685 421 4762 cellulas
435 4684 638 4772 dividuntur,
653 4705 733 4781 quas
745 4705 866 4765 rotant
879 4682 1032 4759 alveolus.
1073 4689 1136 4782 Hit
1156 4682 1303 4852 qu'ldenll
1312 4683 1445 4755 lamella
1466 4709 1546 4784 pau·

1314 4804 1352 4850 tr
1372 4805 1405 4875 rr,
