3646 5430
1163 115 1174 147 ι
1480 148 1482 159 ι

1476 168 1482 197 ι

404 386 444 474 50·
738 369 956 445 arere
999 364 1466 442 scrrnrrrnnn

270 471 386 549 line.
458 500 487 546 2.
515 467 595 541 solo
610 490 701 565 aquae
719 468 859 563 pondere
872 487 943 536 rota
955 460 1014 534 suis
1029 461 1178 533 allecibus
1200 463 1353 533 instrusba
1377 459 1558 533 semoveri
1578 484 1635 563 pot
1649 464 1700 554 st,
1714 472 1754 540 ue

273 547 365 645 r6d8.
403 590 492 666 parte
504 563 651 637 inferiori
667 557 851 636 effundatur
862 619 872 650 ,
884 560 916 631 su
940 564 1035 630 eriori
1051 557 1231 656 impleatur.
1267 562 1411 629 Huncin
1427 555 1517 628 usum
1532 568 1757 632 corz-catenatio

401 659 602 734 vasculorum
630 664 793 751 utrimque
814 680 892 726 rotae
915 586 958 728 bc
981 676 1157 752 aptantur,
1174 677 1210 726 ut
1232 652 1310 723 dum
1331 677 1369 723 ex
1384 678 1448 724 una
1466 675 1553 750 parte
1578 656 1756 751 implentur

399 781 484 854 aqna
500 815 510 842 ,
529 781 571 828 ex
583 755 680 826 altera
694 753 928 826 exhauriantur.
960 754 1049 822 Tum
1063 753 1151 821 enim
1165 772 1236 820 rota
1248 773 1361 821 eorum
1374 750 1514 847 pondere
1529 773 1599 845 quae
1614 751 1756 851 implen-

398 872 474 940 tur,
493 857 526 923 in
540 847 653 921 orbem
667 849 905 944 circumagitur.

444 974 472 1036 3.
507 951 565 1020 Vis
586 940 791 1041 percussionis
814 949 848 1013 in
873 966 957 1039 aqua
973 966 1025 1013 >ex
1045 940 1129 1013 illius
1150 937 1349 1012 densitate&
1365 961 1471 1012 motus
1492 938 1663 1015 velocitate
1685 945 1754 1015 du-

396 1048 491 1116 citur.
527 1045 580 1116 Sic
611 1035 848 1111 in'moletrinis
871 1042 1008 1135 aquariis
1052 1039 1177 1136 pondus
1206 1060 1298 1134 aquae
1323 1043 1357 1110 dc
1395 1041 1534 1136 impetus
1569 1039 1635 1110 una
1663 1059 1749 1112 cona

402 1159 545 1210 currunt.

445 1259 480 1322 4.
515 1233 613 1329 Aqua
629 1227 788 1327 profluens
806 1254 873 1302 non
886 1230 996 1303 eadem
1009 1233 1040 1301 vi
1053 1228 1127 1301 ferit
1145 1227 1280 1300 obvium
1305 1252 1420 1326 corpus
1439 1253 1502 1314 ,ac
1524 1227 1659 1302 solidum
1674 1233 1754 1328 quid

397 1336 432 1402 δι
462 1325 593 1397 firmum
626 1350 698 1396 :ex
722 1329 897 1399 innumeris
927 1332 1014 1397 enim
1036 1323 1159 1396 constat
1187 1323 1349 1422 particulis
1374 1324 1538 1416 disjunsiis
1567 1382 1578 1410 ‚
1620 1353 1691 1422 qnae
1729 1328 1755 1398 fi

423 1428 539 1493 rimum
556 1445 624 1491 non
637 1419 762 1493 valeant
773 1448 829 1493 cor
853 1447 889 1492 us
901 1418 1087 1520 oppositum
1103 1442 1334 1506 commovere,
1354 1421 1388 1488 in
1401 1415 1512 1514 seipsas
1531 1419 1649 1490 reflexae
1671 1449 1757 1494 con.

395 1448 600 1615 sequentibus
616 1541 671 1588 cor
695 1512 807 1588 usculis
819 1447 891 1589 lbnt
903 1515 1134 1614 impedimento
1149 1538 1158 1582 ε
1173 1508 1224 1582 sed
1243 1519 1388 1610 corporis
1402 1514 1472 1581 duri
1486 1521 1520 1586 dr
1541 1512 1658 1586 {labilis
1668 1517 1756 1615 par.

396 1631 444 1684 tes
458 1636 570 1683 omnes
591 1541 765 1683 finiulvim
785 1610 872 1684 suam
888 1634 1045 1698 exerunt,
1065 1603 1201 1683 &suam
1221 1631 1357 1704 quaeque
1377 1610 1587 1679 directionem
1610 1632 1753 1684 tuentur.

398 1711 556 1781 Attamen
573 1732 660 1803 aqua
682 1709 699 1778 ὲ
717 1698 918 1806 syphunculo
940 1735 971 1790 7.
987 1730 1042 1777 aut
1057 1707 1135 1775 osio
1158 1703 1248 1774 lineis
1271 1702 1337 1772 lato
1353 1699 1464 1773 saliens
1477 1727 1593 1801 corpus
1611 1703 1668 1775 filo
1688 1704 1753 1779 sus·

441 1801 532 1873 nsum
546 1799 675 1898 longitls
687 1801 847 1902 protrudit
866 1814 957 1873 motu
971 1795 1168 1870 horizontali
1182 1797 1284 1912 qnam
1305 1794 1420 1892 globus
1442 1798 1563 1895 ligneus
1587 1824 1677 1895 aquae
1691 1829 1755 1902 cy.

424 1899 504 1968 ndro
522 1902 675 1996 gravior,
694 1896 784 1994 qudd
804 1898 929 1994 pondus
951 1891 1130 1991 suspensum
1147 1915 1249 1986 quam
1270 1896 1407 1962 minimo
1420 1916 1589 1964 momento
1616 1922 1751 1970 movea-

397 2011 451 2064 tur
464 2049 475 2080 ,
490 2016 583 2063 motu
596 1995 729 2087 quidem
748 1988 805 2060 sub
819 1996 948 2062 initium
963 1991 1077 2074 tardo,
1099 1983 1151 2056 sed
1171 2009 1267 2080 quem
1283 2009 1387 2082 partes
1409 2011 1499 2082 aquae
1523 1986 1753 2086 consequentes

399 2085 536 2159 celeritls
559 2108 777 2183 promovent,
795 2086 873 2155 dum
888 2085 908 2155 ὲ
924 2108 1015 2180 tergo
1035 2103 1174 2181 urgent,
1200 2106 1274 2151 cum
1288 2079 1403 2179 globus
1417 2080 1538 2178 ligneus
1555 2089 1661 2180 primo
1671 2089 1751 2158 dun-

399 2201 485 2251 taxat
511 2185 637 2278 impetu
663 2205 779 2279 corpus
821 2179 967 2278 ropellat.
999 2179 1062 2248 Sed
1075 2175 1131 2247 ubi
1149 2200 1265 2272 corpus
1279 2173 1393 2273 pensile
1409 2172 1527 2246 sursum
1553 2183 1750 2257 movendum

399 2276 469 2362 ell,
493 2301 567 2347 cum
583 2275 615 2344 id
628 2280 770 2375 ingenita
787 2206 841 2346 slta
861 2279 1016 2372 gravitate
1031 2267 1153 2369 semper
1168 2269 1318 2357 obsistat,
1334 2295 1418 2366 aqua
1437 2269 1546 2341 saliens
1560 2280 1662 2369 prima
1685 2283 1752 2348 im·

424 2369 558 2443 relsrone
569 2365 688 2442 sursum
701 2395 768 2441 non
782 2368 900 2469 pellet,
919 2365 975 2439 etsi
988 2365 1102 2464 globus
1115 2364 1238 2464 ligneus
1249 2370 1353 2463 prima
1366 2363 1563 2465 percussione
1577 2393 1677 2467 eaque
1690 2398 1750 2444 va.

397 2394 513 2537 lldr'ore
531 2464 609 2537 illud
626 2460 745 2535 sursum
763 2463 925 2565 propellit.

450 2591 477 2656 5·
512 2564 599 2634 Cum
620 2559 808 2658 syphunculi
826 2556 898 2630 sunt
917 2561 1118 2658 inequales,
1152 2558 1203 2633 sed
1231 2559 1360 2656 aequalis
1383 2561 1428 2632 est
1452 2561 1593 2634 celeritas
1612 2560 1751 2638 salientis

400 2679 517 2751 aquae,
543 2661 692 2755 potentiae
704 2652 756 2724 seu
770 2658 922 2724 motrices
934 2660 1015 2725 vires
1026 2680 1096 2728 eam
1120 2663 1201 2727 inter
1215 2651 1246 2727 se
1263 2655 1382 2726 habent
1403 2661 1560 2727 rationem
1580 2685 1678 2756 qnam
1694 2661 1751 2733 su.

402 2747 555 2846 perficies·
602 2751 701 2844 Qod
723 2745 837 2845 probat
860 2751 976 2836 ratio,
1004 2757 1039 2822 &
1059 2756 1251 2850 experientia
1273 2748 1453 2826 confirmat.
1493 2757 1581 2824 Nam
1603 2761 1650 2826 vis
1672 2784 1750 2920 per-

401 2839 550 2916 culsronis
574 2842 741 2940 respondet
757 2839 1018 2939 corpusculorum
1040 2870 1065 2914 ε
1092 2846 1237 2933 uallum,
1260 2871 1331 2943 quae
1351 2851 1503 2919 nimirum
1527 2872 1617 2942 aequa
1636 2875 1670 2920 ce
1684 2857 1750 2922 eri.

399 2959 466 3009 tate
489 2964 507 3008 a
532 2961 647 3023 untur,
662 2942 832 3034 quantitati
852 2973 862 3026 3
890 2962 987 3034 atque
1008 2961 1044 3011 ut
1068 2871 1246 3037 superficies
1269 2945 1361 3012 unius
1376 2943 1540 3013 foraminis
1558 2944 1598 3014 ad
1618 2943 1748 3019 alterins

399 3028 490 3128 super
516 3039 621 3122 ciem,
642 3031 685 3103 src
700 3028 731 3103 se
748 3031 843 3104 habet
870 3034 1043 3130 aequalium
1064 3060 1120 3106 cor
1144 3031 1326 3107 osculorum
1345 3043 1437 3108 unius
1462 3039 1566 3129 jaslis
1588 3048 1750 3135 quantitas

398 3128 440 3197 ad
457 3127 584 3199 alterius
602 3128 705 3226 jadiiis
723 3133 959 3227 quantitatem,
982 3154 1058 3204 cnm
1083 3062 1194 3203 iisdem
1218 3131 1432 3230 temporibus⁴
1451 3130 1551 3205 ambo
1573 3139 1641 3208 vim
1659 3133 1749 3212 suam

396 3245 539 3299 exerant.

445 3333 476 3388 6.
510 3320 582 3395 Ubi
596 3325 696 3414 jadus
717 3347 771 3395 aut
792 3321 981 3424 syphunculi
994 3328 1149 3423 aequalem
1161 3325 1279 3398 habent
1295 3323 1515 3413 latitudinem,
1536 3327 1588 3402 sed
1606 3335 1749 3428 inaqua-

397 3415 436 3486 lis
456 3418 500 3488 est
529 3443 643 3491 eorum
666 3419 846 3506 velocitas,
870 3443 940 3493 tum
964 3425 1104 3520 pondera
1124 3422 1304 3509 attollunt,
1334 3425 1508 3516 quainter
1531 3424 1561 3495 se
1587 3432 1748 3503 rationem

396 3510 516 3584 babent
531 3515 726 3614 duplicatam
744 3516 965 3591 velocitatum.
990 3520 1078 3591 Cum
1091 3526 1178 3590 enim
1199 3518 1349 3588 telocitas
1369 3521 1462 3586 unius
1476 3520 1518 3588 ell
1538 3519 1665 3592 alterius
1684 3525 1748 3593 dtr·

394 3606 473 3772 pla,
498 3617 531 3680 δε
553 3612 596 3679 du
620 3609 653 3680 lo
673 3609 762 3705 plura
784 3637 874 3709 aquae
891 3608 1075 3710 corpuscula
1089 3617 1202 3686 eodem
1215 3634 1359 3709 tempore
1373 3609 1492 3682 feriunt
1505 3639 1619 3712 corpus
1636 3640 1679 3713 op
1705 3645 1748 3687 o·

409 3725 514 3790 itum,
531 3638 684 3804 duplant
700 3707 816 3778 horum
831 3715 995 3804 potentia:
1013 3711 1098 3781 unde
1118 3719 1151 3782 δι
1168 3707 1383 3806 quadruplum
1407 3709 1553 3802 ponderis
1569 3734 1624 3778 cot
1648 3641 1744 3781 ulbo-

395 3795 426 3868 la
439 3823 529 3892 aquae
545 3824 681 3872 numero
693 3801 790 3898 dupla
813 3800 974 3875 attollent.
1007 3803 1100 3877 Plura
1121 3831 1188 3877 non
1212 3805 1344 3889 addam,
1376 3827 1451 3872 curn
1472 3803 1530 3876 isla
1553 3734 1674 3902 pubsici
1690 3814 1746 3899 ju-

396 3896 438 3963 ris
459 3893 544 3962 fasta
561 3892 690 3968 suerint.

415 4074 418 4080 .
443 3993 518 4060 Vll.
540 3993 623 4096 Qae
636 3991 808 4061 commoda
826 4016 864 4065 ex
887 4001 1073 4092 cognitione
1094 4001 1141 4068 vis
1158 4000 1300 4069 motricis
1323 4023 1413 4094 aquae
1434 4004 1468 4068 dc
1490 3999 1567 4066 a‘e'ris
1595 3999 1636 4068 ad
1668 4002 1742 4072 vitre

395 4082 542 4155 bumana·
557 4091 647 4156 ulum
667 4091 737 4179 capi
752 4087 889 4184 possint,
908 4091 953 4164 D.
968 4099 1104 4188 Hugens
1114 4091 1268 4192 exposuit.
1291 4097 1369 4164 Eam
1383 4096 1540 4188 imprimis
1551 4092 1666 4164 utilem
1681 4095 1744 4168 else

394 4185 428 4250 in
445 4182 679 4251 construslione
701 4183 942 4258 moletrinatum
961 4191 1090 4258 edocuit
1114 4215 1122 4259 :
1146 4215 1220 4258 nam
1238 4193 1270 4257 in
1285 4192 1422 4280 aquariis
1444 4187 1517 4256 data
1532 4213 1622 4283 aquae
1636 4214 1744 4284 quan.

395 4280 532 4350 ritate&
549 4277 733 4363 celeritate,
756 4305 826 4373 quc
841 4288 891 4356 vis
904 4283 1081 4355 moletrinae
1096 4283 1201 4356 fututa
1214 4281 1250 4352 srt
1265 4340 1274 4369 ,
1290 4280 1414 4352 definiri
1433 4279 1527 4351 facile
1542 4283 1668 4377 potest,
1693 4292 1743 4357 uti

394 4383 429 4447 δι
451 4374 484 4444 in
509 4372 686 4442 moletrinis
704 4373 839 4447 alaribus
859 4433 868 4458 ,
886 4403 957 4473 qua
976 4378 1098 4449 alarum
1122 4380 1309 4475 magnitudo
1327 4382 1505 4474 requiratur
1527 4436 1537 4463 ,
1561 4401 1595 4446 ut
1618 4380 1743 4453 certum

392 4469 549 4567 producat
566 4463 718 4536 eflectum
735 4526 744 4555 ,
759 4476 844 4542 exiis
861 4500 932 4569 quae
944 4472 1014 4544 sunt
1026 4474 1183 4573 explicata
1197 4469 1318 4547 definiri
1340 4475 1455 4570 potest.
1482 4479 1588 4567 Hujus
1601 4499 1742 4574 compu.

391 4564 674 4637 tisundamentum
693 4588 730 4632 ex
756 4561 847 4636 factis
861 4575 1082 4666 experimentis
1104 4569 1276 4664 colligitur.
1313 4571 1436 4664 Aqua,
1460 4595 1492 4642 v.
1516 4595 1564 4658 gr.
1593 4592 1631 4638 ea
1652 4572 1743 4640 velo·

392 4669 486 4730 oitate
508 4684 618 4746 mota,
641 4664 807 4756 quaintra
824 4667 985 4733 minutum
999 4662 1170 4734 secundum
1186 4662 1300 4758 pedem
1320 4688 1420 4733 unnm
1436 4659 1590 4748 conficit,
1610 4668 1641 4732 in
1669 4666 1740 4759 pla·

388 4778 470 4834 num
488 4757 676 4854 quadratum
698 4761 789 4832 unius
803 4759 913 4831 itidem
928 4761 1015 4861 pedis
1038 4756 1274 4861 impressionem
1298 4771 1386 4876 442
1418 4760 1587 4831 unciarum
1613 4757 1739 4851 efficit,

1683 4903 1732 4923 ,Α
