3646 5430
286 377 342 447 ηε
599 363 786 438 REGIAE
850 354 1293 433 SCIENTIARUM

160 470 271 539 Αιιιι.
289 489 363 534 nrm
382 462 446 536 dici
463 457 576 536 solent.
597 463 667 558 Qi
679 458 807 549 ‚diffini
823 450 895 530 sunt
910 478 1049 552 quatuor
1063 509 1074 541 ,
1087 457 1170 526 inter
1193 450 1445 554 Cercopithecos
1465 457 1642 528 numnam

159 575 264 650 1672..
290 585 351 633 tur.

281 716 284 721 ,
346 664 529 731 Haecerant
542 651 683 749 utrisque
696 652 893 721 communia.
921 671 946 721 r.
971 647 1026 722 Pal
1069 645 1132 718 brae
1153 646 1261 728 ciliis,
1285 667 1321 716 ut
1343 650 1376 715 in
1398 644 1534 717 homine
1554 671 1644 720 erant

289 758 419 826 munitae
445 809 455 838 ‚
479 749 567 847 quod
589 756 624 821 in
650 744 740 818 fimia
756 747 838 814 inter
853 673 1070 841 quadrupedis
1091 748 1268 813 animantes
1289 737 1443 838 singulare
1463 737 1646 831 observavit

290 848 485 919 Aristoteles·
514 874 543 918 2.
567 851 603 914 ln
618 838 747 913 maxilla
765 836 911 909 inferiori
934 834 1040 909 saccus
1065 838 1175 925 inell,
1207 843 1240 906 in
1263 861 1331 932 quo
1353 860 1513 932 reponunt
1539 838 1643 911 edulia

289 942 397 1037 postea
409 929 475 1011 usui
495 938 613 1012 futura.
637 939 705 1010 llic
730 932 949 1019 membranis,
976 931 1063 1002 fibris
1091 930 1225 1002 carnosis
1248 940 1280 1004 δι
1312 930 1468 1028 glandulis
1491 934 1643 1023 constat3

288 1035 374 1108 fibra
390 1034 619 1106 contrahuntur
638 1040 672 1106 δε
695 1029 800 1099 laxant
822 1022 975 1116 saccum,
1005 1050 1041 1098 ut
1061 1031 1196 1124 excipiat
1219 1031 1427 1124 &exprimat
1451 1052 1523 1121 quae
1548 1032 1583 1099 in
1602 1054 1643 1101 eo

288 1126 361 1200 sunt
374 1122 512 1202 condita.
540 1160 564 1219 3.
593 1134 714 1200 Dentes
736 1123 861 1194 candidi
889 1131 924 1196 δι
940 1119 1080 1194 hominis
1103 1120 1249 1194 dentibus
1273 1145 1340 1190 non
1365 1116 1551 1211 absimiles,
1586 1125 1641 1197 nifi

316 1227 382 1294 uod
394 1229 500 1294 canini
518 1221 685 1324 superioris
698 1219 832 1290 maxillae
844 1218 1028 1317 longiores,
1051 1213 1208 1287 inferioris
1225 1215 1283 1300 snt
1305 1213 1477 1292 breviores.
1514 1247 1551 1308 4.
1580 1225 1639 1292 Pe.

290 1250 345 1388 des
359 1317 504 1391 manibus
520 1345 598 1418 pene
613 1312 815 1401 consimiles,
836 1313 1004 1410 sepedum
1024 1314 1116 1408 digiti
1132 1333 1198 1381 tani
1222 1313 1312 1408 longi
1336 1310 1438 1406 quam
1462 1338 1638 1404 manuum,

294 1437 407 1485 contra
419 1436 517 1509 arque
531 1413 716 1485 inhomine.
740 1414 798 1481 Pes
816 1408 933 1505 pollice
954 1406 1055 1503 longo
1070 1414 1104 1476 dr
1124 1406 1145 1475 a
1169 1405 1300 1503 reliquis
1315 1408 1421 1505 digitis
1447 1403 1571 1481 secreto
1596 1412 1637 1481 est

294 1512 441 1606 pradirus
457 1540 468 1594 3
482 1513 514 1580 in
528 1532 626 1578 manu
639 1510 664 1574 is
679 1529 755 1574 cum
766 1499 903 1573 secundo
918 1504 1021 1600 digito
1040 1524 1121 1598 pene
1138 1499 1284 1572 cohaeret.

344 1607 422 1676 ΧΠ.
445 1608 483 1674 lit
494 1605 625 1701 quidem
639 1624 741 1696 partes
754 1592 848 1668 fimiae
862 1603 1033 1668 exteriores
1046 1593 1117 1666 sunt
1127 1595 1229 1692 vulgo
1243 1602 1385 1672 notiores
1401 1598 1502 1691 quim
1513 1622 1551 1670 ur
1564 1598 1639 1672 lon-

315 1692 495 1771 aorarione
513 1698 686 1793 indigeant.
726 1696 827 1764 Aures
853 1693 995 1764 rotunda
1015 1699 1048 1764 dt
1073 1715 1176 1788 parva:
1197 1695 1234 1762 iis
1253 1698 1310 1790 qui
1333 1694 1371 1765 de
1392 1691 1640 1792 Physrognomia

293 1721 454 1890 scripsere,
467 1790 667 1864 occafionem
682 1784 882 1886 prebuerunt
895 1786 1043 1857 homines
1061 1785 1204 1857 rotundis
1222 1795 1256 1860 δι
1269 1792 1373 1886 parvis
1388 1789 1539 1861 auriculis
1563 1814 1639 1889 pra.

292 1885 375 1957 ditos
386 1886 532 1985 malignae
548 1895 582 1959 &
599 1881 728 1957 versutae
741 1882 855 1954 indolis
876 1878 1066 1955 insimulare.

346 1988 453 2054 Patres
477 1988 641 2055 interiores
661 1982 806 2075 corporis
821 1975 952 2048 humani
972 1976 1112 2076 partibus
1131 2002 1198 2048 non
1215 1982 1350 2048 omnino
1368 1971 1438 2050 sunt
1451 1974 1638 2068 confimiles,

290 2100 327 2150 ut
337 2074 440 2148 visum
455 2082 498 2146 etl
510 2075 673 2147 Anstoreli
687 2133 694 2155 ,
710 2072 817 2144 Plinio
836 2080 868 2144 bt
884 2071 1010 2143 Galeno
1024 2111 1035 2165 3
1049 2097 1107 2168 nec
1122 2071 1248 2170 penitrls
1261 2069 1422 2143 dissimiles
1440 2129 1452 2162 ,
1476 2096 1513 2145 ut
1539 2073 1639 2173 placet

290 2167 428 2244 Alberto
449 2175 576 2269 Magno
597 2195 606 2239 t
622 2163 744 2239 tametsi
759 2163 925 2237 hominem
945 2173 1045 2265 magis
1058 2166 1155 2242 refert
1166 2164 1278 2256 simia,
1295 2163 1639 2268 fipartiumfextema-

290 2290 365 2336 rum
376 2272 483 2361 potius
496 2266 599 2363 quam
613 2267 801 2335 interiorum
815 2260 968 2333 habeatur
982 2268 1079 2334 ratio.

242 2407 244 2410 ⁴
340 2365 545 2436 Perironeum
559 2383 594 2430 ur
610 2365 643 2429 in
656 2355 788 2428 canibus
810 2384 820 2430 ε
851 2354 1012 2453 Epiploon
1027 2356 1068 2429 ab
1083 2358 1226 2428 humano
1239 2360 1273 2425 in
1285 2359 1393 2431 multis
1406 2355 1554 2431 diffidet:
1578 2357 1637 2429 hoc

287 2454 387 2554 longe
404 2464 504 2546 majus
516 2456 661 2525 intestina
672 2475 710 2522 ex
733 2452 833 2524 omni
848 2473 937 2547 parte
960 2451 1149 2538 involvens,
1168 2473 1203 2520 ur
1219 2455 1252 2519 in
1276 2451 1431 2551 plerisque
1449 2451 1638 2524 animalibus

288 2561 346 2645 qui
358 2551 398 2620 ad
411 2549 602 2621 currendum
615 2544 684 2619 sunt
698 2550 876 2644 comparari
890 2601 900 2630 ‚
923 2543 1010 2616 forrd
1021 2570 1055 2618 ut
1068 2552 1187 2618 tutiora
1200 2542 1259 2617 srnt
1269 2549 1414 2619 intestina
1433 2557 1467 2621 δι
1492 2548 1552 2619 alia
1575 2545 1636 2617 vis·

288 2669 359 2715 cera
380 2642 421 2714 ab
437 2642 493 2714 illa
506 2640 701 2715 succullione
713 2666 812 2736 quam
824 2638 931 2713 curstls
955 2642 1097 2712 celeritas
1112 2633 1241 2728 efficit,
1267 2664 1403 2716 tueatur.
1440 2640 1637 2714 Membrana

287 2759 397 2810 tamen
413 2736 579 2836 exquibus
593 2734 752 2838 Epiploon
764 2737 963 2821 contexitur,
984 2741 1141 2816 continuae
1154 2731 1251 2824 sunt,
1278 2760 1314 2809 ut
1339 2741 1373 2808 in
1396 2737 1554 2825 homine,
1571 2761 1638 2808 uon

287 2834 383 2903 instar
396 2830 468 2906 retis
481 2830 672 2934 perforarat,
696 2855 732 2903 ut
750 2836 784 2902 in
796 2829 898 2904 brutis
909 2826 1064 2929 plurimis·
1474 2913 1490 2922 ..

337 2930 504 2999 Strustura
518 2926 674 3000 viscerum
687 2927 728 3000 ab
743 2924 876 3000 humani
889 2932 1032 3024 corporis
1045 2926 1198 2998 strutlura
1212 2936 1246 3001 in
1258 2930 1367 3003 multis
1380 2925 1543 3002 diffidebat
1556 2983 1568 3016 ,
1580 2952 1636 3000 ne-

278 3017 281 3020 ’
314 3045 353 3091 ue
366 3021 419 3092 illa
431 3021 612 3096 discrimina
622 3018 767 3120 persequi
779 3025 880 3095 nostri
890 3021 934 3091 est
950 3023 1095 3096 instituti.
1110 3028 1146 3091 ln
1160 3021 1302 3096 seminis
1319 3047 1423 3123 partes
1439 3028 1637 3119 generationi

287 3046 445 3187 destinata
461 3141 536 3189 cum
549 3117 720 3188 mulierum
739 3117 879 3214 partibus
894 3141 1045 3213 magnam
1058 3115 1217 3190 habebant
1231 3119 1477 3192 fimilirudinem·
1520 3117 1638 3193 Consi-

285 3209 378 3281 miles
394 3216 427 3283 in
439 3208 579 3310 utrisque
592 3238 740 3284 mammae
752 3207 901 3282 musculis
914 3209 1053 3282 thoracis
1067 3212 1176 3283 iridem
1190 3215 1422 3289 incumbentes.

344 3304 658 3379 Cranium'lrumano
674 3331 741 3378 non
756 3302 924 3393 abfimile‚
940 3306 1138 3395 rotundum,
1158 3317 1191 3380 δι
1215 3333 1253 3381 ex
1274 3333 1412 3407 utroque
1433 3310 1534 3384 latere
1555 3320 1637 3384 norr'·

284 3401 365 3474 nihil
384 3403 650 3501 complanatum:
675 3426 780 3498 neque
799 3427 836 3472 os
854 3399 933 3471 illud
961 3399 1153 3498 triangulare
1177 3404 1310 3492 aderat,
1338 3408 1429 3501 quod
1456 3411 1491 3479 in
1521 3433 1634 3506 magna

283 3497 454 3570 brutorum
467 3522 555 3597 parre
568 3496 769 3569 cerebrum&
788 3493 946 3567 cerebello
958 3494 1164 3569 disterminat.
1208 3504 1369 3597 Magnum
1389 3525 1456 3574 erar
1471 3501 1635 3581 cerebrum

283 3619 345 3692 pro
359 3597 503 3759 corporis
520 3588 808 3686 mole3anfradlus
828 3597 863 3662 in
885 3595 1050 3661 anterioris
1073 3591 1192 3664 cerebri
1215 3600 1333 3665 cortice
1358 3598 1439 3692 pene
1460 3621 1497 3670 ut
1520 3601 1555 3669 in
1574 3595 1633 3668 ho-

284 3713 396 3760 mme:
429 3690 468 3761 ed
488 3694 582 3788 pauci
602 3692 636 3759 in
656 3687 918 3761 cerebelloerant
942 3686 1104 3782 conspicui
1128 3743 1140 3774 ,
1160 3688 1253 3759 altius
1277 3711 1385 3761 tamen
1408 3691 1510 3767 incifi.
1547 3697 1576 3764 A

282 3780 396 3880 physcs
412 3782 714 3855 mammillaresnon
730 3780 844 3854 molles
860 3804 896 3851 ut
911 3783 944 3850 in
959 3780 1118 3871 homine,
1139 3780 1191 3853 sed
1214 3785 1298 3855 durae
1319 3792 1353 3857 δι
1379 3717 1636 3877 membranosdrol

282 3880 433 3956 duriores
446 3900 579 3973 quoque
597 3899 686 3948 erant
701 3883 790 3945 nervi
804 3878 916 3974 optici.
948 3875 1059 3947 Uvula
1078 3903 1112 3951 v.
1133 3877 1165 3949 la
1180 3881 1298 3944 Lucere
1318 3903 1388 3974 quae
1406 3879 1508 3953 brutis
1528 3885 1634 3971 deest,

282 3979 316 4044 in
330 3965 418 4039 fimia
438 3968 630 4067 conspicitur
644 4028 655 4058 ,
668 3975 715 4041 uti
730 3972 763 4038 in
780 3968 924 4043 homine.
956 3976 1047 4068 Qin
1068 3977 1165 4045 etiam
1188 3970 1320 4045 musculi
1342 3978 1522 4075 Laryngis,
1552 3979 1635 4052 Pha-

282 4069 414 4165 ryngis,
435 4065 573 4162 linguae,
598 4063 671 4139 offis
686 4064 834 4162 hyoidis,
849 4070 906 4161 qui
923 4092 1040 4163 magna
1055 4089 1093 4135 ex
1115 4093 1203 4164 parre
1220 4074 1309 4140 vocis
1328 4072 1548 4166 explanationi
1572 4070 1635 4145 ser-

282 4167 395 4246 viunt,
410 4158 485 4230 huic
505 4186 571 4230 non
589 4162 727 4233 deerant.
754 4161 862 4257 Atque
877 4159 911 4230 hi
929 4161 1062 4232 musculi
1084 4162 1188 4234 multo
1212 4173 1368 4254 majorem
1389 4189 1465 4238 cum
1490 4168 1635 4239 hunianis

281 4253 442 4327 habebant
463 4249 720 4343 fimilitudinem,
733 4279 831 4352 quam
852 4281 1005 4326 manuum
1022 4265 1054 4330 dt
1074 4259 1192 4356 pedum
1216 4256 1369 4347 musculi,
1395 4262 1521 4334 uuutfi
1548 4267 1635 4334 vocis

282 4349 497 4424 articulationi
520 4353 593 4421 non'
610 4347 749 4422 serviunt
774 4378 782 4421 :
812 4352 893 4421 adeo
920 4375 955 4422 ut
976 4349 1053 4422 hinc
1078 4353 1227 4424 concludi
1250 4349 1343 4450 poffit
1370 4380 1436 4426 non
1467 4381 1632 4458 propterea

281 4450 366 4518 exeri
380 4468 481 4516 cerras
498 4445 676 4517 aaronem
699 4445 822 4534 brutis,
841 4447 929 4543 quod
946 4471 1066 4544 organa
1081 4445 1218 4519 habeant
1236 4447 1283 4518 his
1298 4452 1478 4524 exercendis
1500 4457 1631 4525 idonea:

281 4568 358 4615 nam
371 4535 393 4607 si
404 4535 469 4611 sola
482 4564 677 4635 organorum
692 4538 912 4612 conformatio
924 4540 1098 4631 sufficeret,
1109 4542 1189 4615 nihil
1198 4538 1273 4614 ell'et
1286 4541 1384 4615 causae
1397 4570 1453 4617 cur
1467 4545 1564 4620 limiae
1584 4546 1633 4620 lo-

283 4642 392 4717 cutio,
406 4644 440 4708 &
457 4640 547 4706 vocis
561 4633 873 4707 articulatiodeellet·
904 4637 1045 4709 Nullum
1056 4643 1144 4711 enim
1155 4637 1231 4709 huic
1244 4642 1422 4711 exercenda
1434 4644 1520 4716 deest
1538 4666 1633 4744 urge*

283 4753 362 4808 nuru
378 4731 467 4831 quod
480 4728 661 4806 inhomine
674 4736 859 4830 reperiatur.
883 4730 1018 4806 Pedibus
1029 4734 1112 4834 pene
1125 4755 1256 4807 urrurrur
1270 4756 1305 4807 ut
1318 4734 1477 4814 manibus.
