3646 5430
410 377 476 442 ¹04
727 343 921 416 REGIAE
966 334 1424 415 SCIENTIARUM

282 438 348 521 'alu
360 440 402 519 rr.¹
465 451 530 518 tv.
546 446 697 515 Formam
715 437 807 533 hujus
821 435 962 533 praeclari
983 439 1089 532 operis
1103 439 1147 506 D.
1160 434 1302 507 Perrault
1320 438 1353 502 in
1366 432 1509 504 vitruvii
1522 424 1648 501 Gallica
1658 426 1765 504 trans·

284 565 383 632 1⁶7r.
412 544 533 616 latione
550 543 591 614 L.
602 565 626 612 r.
641 565 669 612 c.
686 563 714 608 2.
728 531 895 617 exhibuit,
915 540 950 604 ὁ(
970 549 1109 626 quatuor
1125 524 1234 626 figuris
1245 552 1318 597 earn
1330 522 1487 625 expteffit.
1719 528 1727 537 '
1753 531 1761 541 '

281 641 318 710 dc
335 663 390 729 72.
411 676 417 687 ·
460 643 568 710 Prima
591 635 634 704 eil
654 626 893 727 ichnographia
917 635 950 698 dt
968 621 1055 722 quafi
1076 624 1245 722 vestigium
1264 621 1387 693 aedihcii
1413 625 1446 689 in
1467 641 1551 692 terra
1566 613 1767 717 impressum.

410 745 485 809 vor
498 735 585 803 enirn
601 735 710 799 Graeca
728 721 864 820 idipsum
880 718 1045 818 signifieat.
1068 721 1212 788 Secunda
1222 718 1267 787 est
1280 715 1509 816 orthographia
1532 770 1543 801 ,
1564 710 1617 785 seu
1642 712 1769 789 aedificii

408 827 519 900 forma
539 849 593 923 pet
621 827 722 895 froas
751 819 848 892 linear
870 815 1033 886 horizonti
1061 812 1227 911 parallelas
1253 810 1409 886 delineata
1432 867 1457 917 ,ι
1485 833 1540 882 aut
1572 807 1665 885 frons
1695 813 1768 882 aedi·

409 921 477 996 ficii
496 920 587 991 lineis
601 941 739 990 rtarata.

453 1020 565 1089 Tertia
577 1010 696 1084 tabella
711 1017 759 1082 ici
784 1009 953 1110 ¹raphiam
971 1009 1139 1093 continet,
1159 1028 1193 1077 v.
1206 1002 1236 1070 le
1246 1000 1369 1100 profil,
1386 1029 1452 1101 qua
1471 1007 1664 1076 interiorum
1691 1028 1766 1102 per·

406 1118 490 1186 tium
503 1110 683 1181 altitudines
695 1037 897 1180 adalham
912 1163 923 1192 ,
937 1103 990 1175 seu
1002 1096 1122 1174 umbris
1135 1099 1248 1174 dilutas
1260 1097 1303 1172 hc
1315 1099 1443 1173 exhibet
1457 1157 1469 1190 ,
1483 1123 1519 1170 ut
1540 1098 1716 1199 penetralia
1729 1108 1764 1174 dt

406 1207 550 1282 tabulata
563 1202 618 1274 sub
639 1204 752 1274 oeulos
767 1206 908 1273 veniant.
982 1234 986 1243 ¹

453 1308 578 1401 Qarta
592 1300 730 1395 denique
745 1299 789 1370 est
802 1294 926 1366 :edificii
936 1290 1268 1393 Scenogtaphia,quae
1281 1289 1419 1389 speciem
1430 1299 1496 1387 ejus
1512 1317 1593 1393 pene
1605 1298 1656 1365 int
1698 1320 1765 1367 rain

406 1398 537 1472 exhibet
550 1418 636 1486 turta
654 1390 859 1491 perspectiva
873 1389 995 1487 tegulas
1017 1387 1130 1459 melius
1150 1387 1353 1487 expressam,
1402 1413 1477 1461 uam
1503 1395 1539 1463 in
1557 1385 1624 1488 ipsa
1644 1394 1681 1460 Ic
1707 1415 1766 1462 no.

407 1491 544 1595 graphia
556 1513 626 1586 quae
642 1490 806 1588 planitiem
816 1485 1067 1569 tantummodo,
1090 1503 1145 1554 ant
1165 1488 1198 1553 in
1211 1412 1443 1581 orthographia
1466 1509 1537 1582 quae
1561 1508 1661 1555 unam
1683 1485 1766 1558 dun-

410 1611 499 1661 taxat
514 1584 630 1657 faciem
645 1583 745 1655 oculis
758 1577 884 1673 subjicit
905 1613 915 1670 3
943 1604 1019 1649 cum
1038 1576 1133 1649 sceno
1157 1575 1266 1677 rophia
1284 1636 1296 1667 ,
1319 1604 1389 1673 qua
1412 1603 1532 1652 nomen
1552 1578 1645 1650 suum
1666 1584 1689 1652 ai
1717 1603 1767 1652 ta-

411 1678 587 1757 bernaculo
602 1679 731 1753 militari
744 1679 844 1761 duxit,
857 1674 961 1772 plures
975 1671 1067 1744 simul
1080 1603 1203 1743 aedihcii
1214 1670 1310 1744 facies
1322 1675 1465 1746 ostendat
1477 1702 1486 1748 τ
1499 1676 1543 1746 esl
1555 1679 1643 1746 enim
1657 1682 1766 1775 optica

407 1777 589 1852 frontis&
615 1778 752 1847 laterum
772 1766 994 1844 Observatorii
1011 1765 1192 1866 descriptio.
1230 1772 1338 1864 Hujus
1358 1768 1625 1870 orthographiam
1652 1774 1767 1845 intueri

411 1872 490 1948 licet
507 1877 540 1943 in
553 1866 744 1943 numismate
755 1863 870 1941 tabula
886 1862 1037 1961 impresso
1058 1863 1098 1934 ad
1112 1888 1234 1934 annum
1252 1871 1346 1959 1684.

466 1977 511 2043 V.
539 1973 619 2040 Hoc
629 1961 800 2036 aediheiurn
821 1961 861 2032 ad
886 1965 929 2032 80
948 1961 1065 2057 pedum
1079 1956 1280 2032 altitudinem
1293 1957 1323 2030 se
1338 1959 1495 2050 tollit,ac
1505 1967 1705 2039 tantumdem
1714 1971 1765 2037 in·

412 2063 465 2139 fra
479 2066 518 2135 de
543 2065 701 2131 rimantur
718 2059 947 2139 fundamenta,
963 2054 1051 2150 quod
1067 2049 1254 2126 suburbium
1275 2055 1341 2127 sete
1360 2078 1467 2129 totum
1486 2067 1520 2129 dr
1544 2062 1767 2154 circumjectus

414 2185 493 2257 ager
512 2089 550 2227 ht
568 2154 633 2226 altd
657 2174 845 2224 excavatus:
861 2173 900 2220 ex
915 2153 951 2220 iis
965 2152 1052 2220 enim
1063 2151 1163 2221 antris
1178 2148 1296 2262 lapides
1309 2149 1430 2231 sediiles
1449 2155 1596 2248 quotidie
1616 2159 1766 2228 excidun-

415 2279 469 2327 tur
498 2255 634 2323 civitatit
652 2244 791 2318 adificiis
808 2267 864 2316 aut
884 2244 1120 2328 construendis,
1135 2265 1191 2314 aut
1207 2246 1417 2319 instaurandis
1458 2250 1555 2322 Unde
1578 2253 1613 2319 in
1639 2248 1766 2352 specum

412 2347 651 2422 subterraneam
667 2337 830 2413 descensus
849 2336 1072 2413 Observatorii
1085 2336 1285 2411 altitudinem
1296 2366 1401 2438 aequat
1419 2371 1427 2416 :
1446 2369 1484 2414 ex
1499 2349 1569 2415 imo
1581 2343 1675 2434 huius
1697 2343 1719 2415 s
1749 2393 1767 2407 .

411 2445 475 2515 cris
487 2443 528 2514 ad
539 2437 701 2510 summum
717 2431 816 2532 usque
829 2432 1037 2533 pinnaculum
1051 2431 1196 2529 ampltnn
1214 2459 1300 2533 patet
1313 2434 1458 2510 foramen
1476 2444 1566 2510 certis
1580 2437 1684 2510 uhbus
1698 2372 1767 2513 ses-

410 2542 557 2609 rinatum
573 2560 582 2605 ε
604 2534 759 2603 fructura
771 2535 869 2602 totius
879 2526 1003 2599 edificii
1015 2553 1055 2598 ex
1067 2529 1228 2625 quadratis
1237 2531 1447 2630 complanatis
1458 2528 1615 2633 lapidibus
1628 2531 1669 2607 lic
1683 2563 1765 2609 con.

412 2635 476 2707 ilat
490 2690 502 2723 ,
518 2654 556 2704 ut
576 2647 740 2700 cremento
754 2624 803 2698 bis
813 2623 1029 2698 devinciendis
1041 2648 1121 2722 opus
1135 2647 1202 2696 non
1220 2627 1330 2699 suerit.

807 2889 1151 2981 CAPUT
1270 2895 1380 2984 II.

585 3060 640 3128 De
672 3039 987 3152 obstinationibus
1017 3044 1057 3122 in
1082 3045 1205 3121 vania
1232 3039 1276 3130 ci·
1306 3047 1449 3125 Lutetia
1470 3042 1599 3156 feliis.

411 3200 442 3277 1.
567 3194 737 3266 Uodante
756 3186 964 3290 proposuerat
979 3191 1026 3262 D.
1041 3189 1179 3276 l‘icard,
1202 3170 1262 3261 iter
1276 3195 1309 3262 in
1326 3199 1470 3268 Daniarn
1493 3220 1581 3267 anno
1607 3205 1695 3282 1671.
1717 3198 1769 3265 in·

464 3198 551 3462 q
565 3286 685 3401 gressus
694 3288 740 3358 est
752 3341 765 3373 ,
784 3309 859 3396 cum
871 3285 1158 3355 instrumentorum
1179 3308 1242 3379 que
1254 3285 1420 3360 necessaria
1433 3290 1499 3361 visa
1517 3287 1589 3363 saut
1603 3312 1765 3388 apparatu.

411 3397 527 3486 Qaea
563 3411 605 3457 eo
631 3409 665 3456 tn
680 3381 743 3453 hac
759 3381 939 3492 longinqua
962 3436 975 3467 ,
999 3375 1137 3490 sednon
1160 3377 1303 3452 multrlrn
1328 3384 1476 3456 diuturna
1509 3410 1569 3485 per
1614 3388 1767 3455 nuatione

412 3485 487 3560 sunt
508 3488 602 3596 adia,
614 3488 680 3577 jam
694 3480 748 3550 diu
760 3500 844 3576 typis
858 3475 1008 3549 mandata
1024 3528 1038 3563 ‚
1062 3496 1106 3545 to
1118 3470 1190 3575 ipso
1205 3498 1352 3576 tempore
1373 3505 1441 3577 quo
1456 3478 1524 3553 haec
1540 3477 1561 3554 s
1570 3411 1768 3567 lhebmus,

412 3579 674 3760 sunhrlrlbllhahl.
690 3668 797 3744 mense
809 3666 904 3768 Julio
926 3671 1056 3743 Lutetia
1079 3665 1240 3766 prosedhn
1263 3667 1542 3741 Amstelodamum
1569 3675 1688 3759 venit,
1713 3669 1769 3742 ubi

414 3798 493 3843 cum
515 3775 561 3843 D.
584 3767 681 3837 Blaeu
696 3765 810 3861 insigni
824 3773 858 3836 δι
870 3766 970 3834 docto
987 3760 1171 3862 Bibliopoit
1182 3763 1221 3833 de
1234 3786 1324 3834 terrae
1348 3763 1546 3836 dimenfione
1564 3762 1606 3836 ab
1627 3789 1768 3863 utroque

414 3865 503 3936 faur
516 3861 719 3943 collocutus,
733 3864 818 3928 circa
829 3861 921 3926 unius
934 3861 1048 3954 gradus
1063 3861 1192 3929 maximi
1208 3881 1297 3929 tertae
1310 3857 1420 3929 circuli
1431 3856 1611 3931 mensuram
1627 3866 1671 3932 ita
1686 3866 1768 3933 inter

413 3958 447 4034 se
467 3949 650 4030 contemne
664 3950 754 4023 latus
765 3956 889 4048 accepit
903 4006 915 4038 ,
930 3973 965 4021 ut
977 3951 1145 4023 discrimen
1161 3950 1244 4022 ultra
1262 3968 1306 4024 60
1327 3953 1420 4051 pedes
1433 3980 1499 4026 non
1512 3979 1708 4028 excurreret.
1732 3957 1769 4030 id

413 4075 551 4154 quoque
564 4047 739 4119 commode
750 4049 892 4134 accidit,
907 4069 944 4116 ur
958 4072 1034 4118 cum
1050 4047 1070 4119 d
1086 4071 1183 4144 portu
1202 4042 1361 4135 solvisset,
1386 4059 1419 4121 δι
1442 4071 1541 4120 vento
1565 4050 1694 4122 boreali
1717 4078 1770 4124 re-

412 4165 903 4311 mteegggeppepgppp
918 4133 1768 4317 illidi:{allisshihl‘riliilml'f‘

416 4272 452 4318 π
541 4331 619 4405 disci
637 4297 762 4431 nigraha
781 4264 942 4404 maculalm
959 4265 1165 4433 conspexhit.
1203 4330 1273 4404 Ubi
1287 4331 1447 4408 Hasniam
1460 4266 1628 4436 pervgeuit,
1650 4268 1771 4411 litterll

415 4439 438 4511 ὲ
461 4441 504 4509 D.
525 4425 656 4502 Callino
681 4434 828 4528 accepit,
853 4427 970 4525 quibus
985 4433 1103 4500 certior
1116 4426 1220 4502 fadius
1236 4429 1280 4498 est
1294 4429 1426 4501 eandem
1443 4430 1642 4504 maculamd
1662 4426 1694 4503 se
1717 4438 1770 4504 vi.

410 4530 482 4605 sam
494 4531 515 4602 d
527 4529 578 4599 die
600 4551 642 4604 n.
663 4523 803 4617 ejusdem
824 4519 937 4594 menfis
949 4524 1108 4620 Augusti,
1124 4531 1214 4617 cujus
1226 4519 1320 4595 fitum
1336 4529 1370 4597 in
1380 4525 1465 4596 Solis
1481 4521 1567 4596 disco
1586 4581 1598 4611 ,
1623 4534 1658 4599 dr
1674 4526 1770 4601 velo·

414 4632 546 4700 citatem
599 4647 614 4693 r
626 4622 732 4722 plures
752 4612 993 4689 observationes
1020 4641 1096 4688 cum
1116 4616 1370 4708 determinasset,
1389 4645 1455 4693 non
1475 4619 1637 4695 dubitavit
1653 4623 1771 4694 Astro-

415 4743 532 4796 nomot
554 4648 674 4817 leeripto
699 4711 807 4785 statim
823 4712 912 4783 edito
943 4713 1147 4803 admonete,
1174 4734 1209 4786 ut
1231 4709 1264 4785 st
1288 4711 1319 4786 se
1345 4717 1387 4788 ad
1408 4724 1475 4812 ejus
1498 4720 1621 4791 exitum
1636 4719 1661 4792 d
1686 4718 1769 4794 Solia

1681 4809 1768 4887 disco
