3646 5430
289 367 345 452 198
609 367 817 440 REGIAE
859 364 1332 440 SCIENTIARUM

160 441 224 517 AN
240 460 344 530 uarii
368 459 409 531 ab
431 461 500 534 aliis
515 458 720 558 sejunguntur
748 486 803 559 per
833 461 1054 534 membranam
1083 462 1101 530 ὲ
1130 461 1310 532 tendinibus
1336 456 1643 558 perpendicularinm

161 545 247 617 ¹³8¹·
292 552 511 628 musculorum
525 555 698 629 conflatam
720 583 730 628 t
752 556 806 629 sed
824 564 965 630 minores
986 552 1119 628 musculi
1134 556 1175 642 ,ἐ
1194 555 1311 649 quibus
1340 553 1481 653 paralleli
1506 564 1646 645 majores

293 646 475 722 coalescunt
490 708 501 740 ,
523 648 595 722 snos
617 652 735 725 habent
748 653 889 724 tendin'es
901 680 975 725 cum
993 677 1082 752 parre
1094 647 1225 722 carnosa
1239 647 1390 747 cujusque
1402 647 1648 749 perpendicula·

296 751 339 818 ris
354 744 487 818 musculi
507 749 668 846 permistas
681 759 714 824 de
728 745 873 818 consulas
886 750 1141 845 quodammodo.

350 847 440 914 Nam
453 842 592 938 paralleli
611 849 733 941 quique
747 841 900 930 musculi,
922 871 996 915 cum
1018 846 1083 912 dno
1094 867 1236 914 extrema
1255 841 1392 913 babeant
1407 845 1553 912 interiori
1571 840 1649 909 duc-

302 937 354 1007 nls
376 938 591 1023 membranae,
615 948 648 1010 δι
667 964 812 1011 ventrem
831 946 978 1010 exteriori
1005 935 1199 1038 proboscidis
1221 936 1412 1008 membran:
1433 933 1597 1022 affixum,
1627 941 1651 1005 ii

304 1056 371 1101 non
385 1036 463 1103 redii
477 1090 487 1119 ‚
503 1032 555 1105 sed
573 1040 663 1104 curvi
680 1034 802 1133 semper
822 1060 964 1108 manent.
988 1043 1032 1106 Ex
1050 1040 1086 1103 iis
1100 1032 1279 1129 urrtimqtte
1300 1031 1488 1196 intellpgirnr
1515 1034 1582 1127 qni
1602 1056 1652 1101 ra·

214 1212 216 1220 s
303 1130 393 1196 tione
408 1126 570 1225 proboscis
589 1131 795 1202 contrabatur
817 1136 849 1199 δε
875 1132 1078 1226 producatur.
1116 1128 1204 1197 Cum
1223 1132 1310 1199 enim
1330 1152 1386 1198 mn
1398 1127 1464 1197 culi
1489 1127 1655 1224 perpendi-

305 1220 426 1291 culares
447 1230 513 1293 vim
535 1221 811 1312 sumeremus,
842 1223 915 1296 trlm
937 1232 1127 1296 exteriorem
1151 1221 1345 1321 proboscidis
1369 1219 1594 1293 membranam
1616 1222 1655 1289 ad

305 1310 533 1483 ilpspmddudbtls
549 1319 770 1432 membranam
784 1327 913 1418 propius
926 1324 1087 1482 adductpnt
1098 1315 1231 1482 ,stsrcque
1242 1323 1413 1388 imminuta
1422 1311 1561 1387 crassitie
1576 1341 1656 1416 pro·

333 1416 1105 1608 ellelllmlllirilllliuuntirlllajitllclisodalglinlt]ciiiiliuse
1116 1469 1246 1605 ,larque
1259 1512 1289 1579 id
1300 1509 1446 1606 praestant
1463 1562 1474 1593 ,
1503 1530 1539 1578 ut
1553 1526 1660 1601 patres

309 1604 619 1694 interiorisduetus,
646 1608 762 1709 quibus
773 1611 794 1675 ii
813 1603 945 1676 musculi
964 1609 1107 1679 tendines
1129 1604 1198 1674 suos
1211 1604 1329 1675 habent
1347 1600 1484 1688 affixos,
1502 1604 1544 1673 ad
1569 1598 1600 1670 se
1627 1597 1658 1672 se

313 1717 428 1766 mutuo
443 1703 616 1791 accedant,
638 1703 723 1772 unde
745 1712 778 1777 dc
806 1699 1029 1798 proboscidem
1054 1699 1199 1772 contrabi
1217 1698 1337 1769 necesse
1354 1700 1411 1771 est.
1449 1698 1611 1793 Aequent
1627 1695 1661 1764 hi

312 1786 446 1863 musculi
462 1800 554 1867 variis
569 1801 602 1869 in
619 1799 698 1869 locis
716 1823 821 1870 morus
837 1795 908 1867 snos
930 1822 1061 1870 exerunt
1079 1852 1090 1884 ,
1118 1794 1230 1867 diversa
1242 1820 1379 1892 quoque
1402 1814 1509 1863 motus
1525 1789 1605 1862 fiunt
1622 1799 1657 1863 dc

313 1890 408 1957 variis
421 1891 525 1960 modis
544 1889 760 1990 proboscisira
771 1892 955 1966 inflectitur.

362 1985 403 2051 Er
422 1987 552 2079 quidem
574 2015 611 2059 ea
627 1989 758 2058 distendi
783 1999 817 2060 δι
848 1987 994 2056 contrahi
1014 1983 1163 2082 potuisset
1185 2010 1240 2085 per
1263 1982 1356 2055 fibras
1374 1982 1544 2056 circulares
1572 2037 1584 2063 ,
1626 1988 1660 2053 δι

313 2074 506 2174 sphinsietes
529 2077 684 2175 quosdam
708 2112 718 2155 r
741 2079 791 2152 sed
811 2108 847 2152 ea
876 2078 1027 2151 fibrarum
1050 2082 1203 2151 struuura
1222 2073 1455 2177 dndnsipsos,
1482 2084 1660 2245 wreu-

316 2193 363 2240 res
375 2180 408 2243 &
426 2182 527 2269 aperti
540 2175 600 2247 else
613 2178 729 2250 debent
744 2235 754 2265 ,
770 2178 837 2277 plus
851 2172 923 2246 saris
941 2178 1126 2246 coarirali'et
1146 2178 1256 2247 :unde
1277 2175 1353 2244 huic
1376 2178 1485 2246 incom
1571 2199 1593 2243 o
1611 2195 1664 2271 per

317 2262 478 2336 musculos
495 2273 765 2369 perpendiculares
775 2278 859 2343 cavit
873 2269 1035 2369 supremus
1053 2295 1171 2341 narurae
1188 2269 1295 2367 opifer
1307 2275 1413 2366 ,iique
1423 2295 1492 2341 nno
1505 2277 1543 2342 δι
1556 2271 1666 2340 eodem

317 2381 464 2457 tempore
477 2371 666 2437 exteriorem
683 2365 877 2466 proboscidis
899 2363 1118 2437 membranam
1138 2373 1222 2437 intus
1250 2368 1433 2450 adducunt,
1459 2374 1492 2437 ἀ
1513 2366 1665 2435 clusinum

313 2457 503 2529 interiorum
522 2460 724 2532 membranas
735 2464 900 2533 diducunt.
923 2467 1004 2557 Qae
1023 2468 1108 2531 enim
1134 2460 1300 2531 necessaria
1313 2463 1357 2530 est
1375 2459 1575 2558 proboscidis
1591 2482 1662 2557 pro·

315 2550 462 2623 dustioni
478 2559 669 2646 marradio,
682 2582 719 2627 ea
729 2555 801 2627 solis
815 2554 1030 2627 musculorum
1046 2555 1190 2627 carnibus
1203 2559 1374 2648 inrerjeslis
1386 2555 1551 2652 perficitur
1565 2583 1574 2628 ι
1587 2555 1663 2625 unde

317 2655 351 2719 δι
364 2648 477 2720 durrus
491 2650 612 2748 semper
624 2658 725 2750 aperti
745 2663 779 2725 δι
799 2650 888 2721 liberi
904 2675 1043 2722 manent·
1365 2693 1371 2704 ·
1501 2663 1534 2739 ⁶,

367 2745 449 2813 Haec
460 2754 493 2816 δι
506 2745 566 2814 alia
576 2742 789 2841 speculatione
799 2749 893 2842 digna
903 2751 936 2816 in
953 2742 1162 2846 descriptione
1176 2745 1359 2844 Elephantis
1372 2803 1382 2833 ‚
1398 2771 1470 2842 φιτ
1484 2753 1562 2823 Deo
1574 2749 1669 2823 <lente

317 2836 361 2908 ali
387 2840 494 2908 nando
511 2842 544 2906 in
566 2839 672 2912 lucent
689 2839 860 2942 prodibit,
884 2845 1015 2939 copiose
1034 2852 1067 2914 de
1093 2844 1229 2915 dilucidi
1253 2843 1464 2938 explicantur.
1495 2844 1556 2916 rua
1579 2871 1667 2917 nnnc

318 2863 458 3044 delibare
476 2934 565 3099 ppllpi
581 2989 592 3021 ,
610 2959 649 3046 ut
662 2934 780 3047 'palam
800 2937 890 3009 fieret
921 2945 1023 3035 quam
1046 2963 1192 3012 accurata
1213 2946 1246 3010 ἃ
1275 2934 1434 3008 laboriosa
1457 2937 1552 3013 fuerit
1575 2939 1668 3042 huius

318 3049 490 3195 mglelnllll.
514 3029 746 3228 Nibillltcelcfie‘lse
770 3127 813 3196 est
836 3128 873 3198 de
895 3138 962 3226 ejrrs
991 3128 1179 3231 prominnlis
1204 3127 1352 3200 dentibus
1370 3124 1518 3202 eburneis
1543 3129 1668 3222 dicere,

296 3240 303 3252 ·
320 3216 420 3314 vulgo
443 3217 620 3310 Deffenftr‚
648 3226 704 3317 qui
725 3227 825 3318 magis
846 3249 990 3314 cornua,
1013 3252 1112 3322 quam
1136 3226 1244 3294 dentes
1262 3220 1377 3294 censeri
1390 3223 1531 3311 debent,
1547 3223 1599 3295 seu
1612 3250 1665 3297 eo·

321 3338 394 3384 rum
408 3309 584 3413 spe-&emus
597 3320 754 3412 originem
769 3318 790 3386 'a
802 3320 945 3391 dentium
956 3346 1030 3392 ortu
1043 3321 1140 3418 longe
1152 3317 1309 3391 diversam
1324 3344 1334 3396 ι
1349 3316 1400 3389 seu
1413 3342 1562 3394 naturam
1575 3317 1668 3421 ipsein

322 3406 428 3480 eboris
443 3411 534 3507 quod
547 3415 581 3481 in
597 3414 671 3507 igne
687 3413 851 3503 emollitur
870 3438 906 3485 ut
919 3440 1038 3486 cornua
1052 3471 1063 3500 ,
1079 3439 1144 3484 non
1159 3420 1238 3486 irem
1249 3415 1367 3486 dentes·

369 3505 516 3577 Plurnde
529 3505 620 3606 pellis
634 3506 787 3578 strudrura
805 3507 876 3580 sunt
894 3534 1045 3583 annotata
1066 3567 1077 3597 ,
1100 3535 1169 3605 φιτ
1185 3534 1270 3580 nunc
1290 3507 1465 3582 exscribere
1486 3512 1568 3585 nihil
1596 3539 1666 3616 opus

323 3601 369 3671 est
389 3658 401 3689 ,
422 3607 473 3674 uti
498 3627 557 3674 nec
579 3628 617 3673 oe
639 3625 711 3698 φιτ
731 3604 771 3673 ad
790 3603 1008 3676 musculorum
1024 3664 1035 3694 ‚
1050 3602 1227 3691 viscerum,
1254 3603 1368 3675 offium
1390 3615 1423 3677 dc
1443 3606 1581 3680 aliarum
1602 3634 1668 3710 par.

323 3695 725 3858 riumsconforrnarionem
737 3693 881 3797 speirant
898 3757 909 3788 ,
924 3727 995 3798 φιτ
1011 3708 1044 3773 in
1067 3704 1213 3800 predicis
1235 3697 1446 3798 descriptione
1459 3702 1589 3777 uberius
1605 3705 1667 3780 surr

326 3813 364 3857 er
389 3815 478 3864 orta.
1568 3833 1570 3836 ·

365 3817 443 3955 lx.
465 3891 605 3965 Exeunte
619 3888 683 3976 boc
694 3916 781 3960 anno
799 3914 914 3985 parvus
936 3892 1128 3963 Crocodilus
1149 3901 1207 3990 qui
1224 3892 1370 3967 Versaliis
1395 3915 1541 3966 mortuus
1558 3896 1664 3984 fuerat,

327 3973 473 4048 diffusius
487 3981 546 4054 est.
573 3987 616 4054 D·
641 3987 680 4054 de
702 3986 732 4056 la
759 3990 841 4054 Hire
854 4010 956 4081 patres
977 3995 1043 4072 ejus
1056 3988 1235 4064 delineavit.
1267 3997 1305 4059 ln
1327 3998 1396 4080 ejus
1417 3993 1601 4064 venrrictrlo
1620 3998 1667 4090 qui

330 4077 438 4144 avium
455 4075 588 4147 carnoso
606 4079 772 4152 stomacho
798 4104 864 4150 non
885 4105 954 4152 erat
976 4080 1124 4153 absimilis
1150 4141 1160 4171 ,
1182 4088 1286 4182 plures
1312 4085 1340 4154 la
1366 4084 1439 4154 illos
1465 4080 1499 4153 se
1526 4082 1668 4160 inuenisr

329 4173 380 4249 ἰ),
395 4169 448 4277 Ιἀιι
467 4177 597 4269 'Verney
621 4176 799 4248 admonuit.
838 4180 958 4248 Dentes
985 4176 1144 4250 inferioris
1175 4181 1308 4251 maxlllae
1342 4112 1510 4280 superioris¹
1538 4183 1672 4256 alveolo

331 4261 481 4336 subibant
499 4293 509 4338 t
534 4271 657 4365 Lingua
672 4270 764 4366 plena
780 4294 847 4342 erar
859 4272 1026 4369 glandulis.
1659 4314 1663 4327 ·

384 4358 505 4433 Nescio
523 4387 564 4433 an
585 4359 667 4436 visus
686 4390 828 4462 unquam
843 4366 986 4438 fueritin
1003 4364 1109 4437 Gallia
1130 4369 1320 4441 Crocodilus
1337 4377 1371 4443 in
1388 4375 1479 4444 vivis.
1513 4378 1605 4448 Nam
1618 4375 1675 4448 ltoc

333 4455 453 4527 animal
473 4459 517 4528 est
532 4463 639 4530 omnis
654 4465 790 4531 omnino
802 4461 930 4556 frigoris
943 4469 1109 4563 impatiens
1131 4520 1142 4545 ,
1163 4487 1261 4561 arque
1276 4471 1308 4535 in
1332 4466 1460 4539 fervidis
1485 4469 1616 4543 tanrbm
1629 4496 1676 4544 rc·

333 4547 483 4651 gionibus
496 4578 531 4625 nr
547 4559 581 4625 in
596 4559 739 4654 AEgypro
750 4561 851 4628 vivit:
872 4554 926 4628 hic
939 4584 1017 4628 vero
1036 4584 1075 4630 cx
1101 4584 1169 4657 qno
1192 4569 1225 4631 in
1241 4561 1380 4633 Galliam
1404 4563 1465 4633 fuir
1482 4561 1679 4663 asportaret,

335 4646 416 4720 nihil
432 4649 638 4722 manducavit
693 4678 707 4720 r
726 4651 807 4722 duos
822 4657 961 4749 integros
976 4651 1095 4726 menses
1114 4691 1124 4744 3
1142 4659 1310 4726 Limacum
1323 4658 1483 4745 cochlerc,
1502 4667 1536 4732 δι
1547 4666 1680 4738 stende

333 4748 448 4839 iricius
462 4673 726 4826 uenrdculo‘lrint
739 4770 880 4846 reponte.
902 4750 939 4820 Id
952 4774 1084 4847 quoque
1097 4756 1131 4822 in
1143 4751 1268 4824 lacertis
1277 4750 1392 4844 visum,
1401 4758 1458 4852 qui
1470 4753 1683 4839 ἀφεικώς
