3646 5430
396 335 719 410 ACADEMIAE
754 330 1087 410 HISTORIA.
1139 332 1218 412 tn.
1250 341 1295 413 Π.
1472 348 1534 432 icy

232 438 341 509 Paucis
361 438 432 535 post
454 429 614 505 menfibur
636 437 684 501 iit
715 432 882 503 industrius
908 436 954 504 D.
974 430 1149 503 Allemand
1169 432 1307 530 globum
1334 431 1476 507 exhibuit
1498 443 1532 508 in
1550 428 1654 500 Mc.

196 555 246 628 quo
268 533 348 621 Sol,
379 536 495 616 Luna,
523 526 590 598 fixae
608 534 653 599 ita
667 551 758 598 erant
780 523 950 627 disposita,
968 551 1005 597 ut
1025 527 1145 624 duplici
1166 551 1261 601 motu
1276 531 1391 602 diurno
1412 541 1445 603 δι
1470 560 1532 606 arr·
1547 523 1639 590 chen·

194 641 251 698 nuo·
267 628 325 700 Sol
344 647 532 703 moveretur
553 680 565 711 ,
590 628 681 696 Luna
708 625 906 712 menstruo,
940 620 1101 694 stellarum
1119 646 1208 696 ortua
1228 632 1263 699 dt
1286 625 1415 699 occasus
1434 651 1532 702 nota·
1659 701 1663 706 ,

191 743 290 796 [intur.
679 766 681 771 ·
1420 742 1423 746 ’

228 827 313 892 vill.
352 819 500 894 Praedidti
525 820 676 888 trislatus
703 814 742 883 de
764 809 1023 906 sulphuratotum
1044 813 1220 914 globorum
1238 821 1438 915 projedlione
1458 845 1532 891 erra·

181 937 247 988 meri
270 918 424 1013 deinceps
444 912 512 986 fuit
530 919 766 984 continuatum.
800 912 891 979 Tum
910 914 956 983 D.
980 915 1138 982 Matiotte
1158 935 1317 1008 quantum
1341 923 1395 986 a'c'r
1421 939 1532 988 tarum

170 1014 293 1100 jasium
308 1017 537 1098 imminueret,
556 1009 769 1106 computavit.

216 1110 308 1180 ldein
328 1110 525 1206 experientia
538 1099 788 1200 comprobatum
807 1097 912 1172 aiebat
929 1100 1051 1174 leviora
1074 1129 1237 1204 corpora,
1272 1101 1447 1195 cujusmodi
1461 1106 1532 1179 sunt

171 1200 383 1274 chartaesolia
398 1197 457 1272 filo
470 1194 644 1297 suspensa,
671 1195 753 1265 ultra
787 1199 903 1293 quietis
926 1201 1084 1294 ponticum
1108 1224 1200 1271 arcus
1224 1199 1398 1272 describere
1418 1207 1451 1273 in
1478 1228 1533 1273 ra-

176 1302 267 1369 tione
277 1294 495 1396 subduplicata
509 1298 635 1365 numeri
655 1288 784 1362 filorum
800 1349 812 1378 ,
832 1290 1011 1364 dummodo
1021 1301 1047 1369 is
1063 1305 1168 1392 major
1184 1324 1252 1370 non
1270 1296 1308 1367 fit
1321 1322 1458 1368 numero
1483 1314 1532 1375 16.

176 1390 264 1463 illud
282 1393 580 1492 etiamexpericntia
594 1390 753 1487 comperit
771 1410 872 1457 unum
887 1388 1002 1460 charrae
1018 1391 1136 1464 folium
1159 1415 1196 1465 ex
1221 1393 1389 1465 altitudine
1415 1419 1451 1464 io
1475 1417 1532 1467 aut

179 1512 213 1558 iz
234 1489 353 1588 pedum
372 1482 551 1586 suspensum
567 1484 652 1554 ultra
671 1487 828 1582 puncium
849 1489 966 1578 quietis
980 1509 1082 1559 unum
1101 1510 1157 1558 aut
1174 1494 1300 1560 circiter
1319 1491 1431 1587 pedem
1456 1515 1532 1589 prm

178 1591 323 1673 moveri,
343 1607 420 1654 cuin
438 1607 475 1653 eit
495 1581 662 1654 altitudine
682 1604 773 1652 arcus
792 1584 835 1652 80
850 1602 906 1652 aut
926 1587 961 1679 85
1007 1585 1142 1653 raduum
1165 1584 1305 1656 decidit:
1325 1607 1395 1654 turn
1416 1581 1532 1682 quarsi-

175 1677 412 1850 nppqiqapttgrolu
426 1677 486 1752 lint
497 1677 638 1752 addenda
651 1699 686 1747 ut
698 1675 778 1748 duos
790 1699 844 1748 aut
856 1698 918 1747 tres
930 1609 1026 1774 pesce
1043 1675 1128 1750 ultra
1145 1683 1261 1777 quietis
1271 1681 1429 1781 puncium
1451 1706 1532 1781 pio·

170 1805 208 1878 gr
223 1879 239 1944 1
254 1879 300 1946 X.
354 1872 513 1972 Quadam
537 1892 611 1942 ante
632 1867 780 1968 ptaetriifit
809 1869 962 1941 lemmata
991 1875 1121 1965 majoris
1143 1869 1228 1945 forte
1250 1877 1412 1945 momenti
1431 1893 1533 1969 quarte

167 1971 339 2074 problema
367 1964 567 2070 propositum
599 1993 626 2037 ι.
656 1969 726 2038 Cor
750 1991 806 2038 ota
845 1991 892 2036 uae
913 1970 948 2036 in
971 1963 1074 2036 libero
1087 1972 1161 2038 a'e'te
1172 1968 1323 2041 decidunt
1341 2023 1352 2054 ,
1374 1993 1429 2068 pet
1457 1993 1531 2039 om·
1600 2027 1603 2031 ,

169 2070 398 2142 nestatdiraris
437 2063 529 2133 radus
556 2087 622 2132 non
643 1992 798 2152 transbe,
820 1990 871 2133 scd
890 2063 1135 2133 determinatam
1162 2061 1280 2135 habete
1302 2063 1354 2135 vel
1378 2070 1411 2135 in
1439 2068 1533 2163 prin·

167 2172 257 2264 cipio
271 2159 319 2236 sui
336 2091 448 2234 mutila
471 2155 687 2230 velocitatem.
730 2157 767 2228 Id
783 2182 864 2228 uero
884 2156 1002 2256 probat
1022 2181 1060 2227 ex
1079 2153 1152 2229 casu
1182 2159 1322 2230 duonum
1351 2161 1532 2258 ponderum

168 2269 231 2335 inae
258 2261 382 2332 uallum
396 2280 468 2353 quae
484 2258 633 2324 extremis
652 2253 737 2323 librae
759 2253 801 2324 sic
813 2255 1036 2351 appenduntur
1057 2310 1068 2341 ,
1086 2276 1122 2325 ut
1144 2278 1246 2325 titium
1270 2253 1326 2324 loti
1352 2261 1399 2326 ius
1414 2255 1436 2329 d
1452 2280 1530 2328 oeni·

165 2384 228 2433 rro·
260 2355 334 2427 'brae
350 2375 406 2424 aut
420 2351 540 2422 statere
559 2373 659 2446 quam
678 2350 813 2418 alterurn
833 2350 935 2419 distet.
981 2352 1070 2420 Tum
1087 2354 1176 2420 enim
1193 2350 1292 2420 ambo
1319 2283 1410 2420 simul
1435 2353 1531 2422 cade.

168 2458 380 2551 reincipiant
395 2507 407 2536 ,
421 2443 472 2518 sed
493 2470 559 2514 non
571 2445 682 2514 eadem
699 2444 869 2517 velocitate
895 2465 963 2533 ;ac
984 2441 1091 2540 plures
1113 2465 1207 2513 erunt
1231 2445 1387 2515 tarditatis
1413 2448 1531 2543 gradus

166 2551 369 2717 ieqkppprdere
379 2564 489 2616 otnero
504 2544 648 2640 propiori
668 2595 678 2623 ,
698 2565 779 2636 quos
792 2565 860 2611 non
875 2540 1019 2610 decurret
1031 2537 1110 2610 illu'd
1124 2537 1212 2637 quod
1232 2537 1254 2608 ὲ
1275 2560 1387 2611 centro
1401 2539 1531 2638 longius

263 2671 274 2714 i
300 2666 394 2716 itum.

225 2773 258 2819 2.
280 2740 404 2838 Corpus
417 2736 485 2807 leve
503 2758 538 2804 ut
563 2730 695 2832 spongia
722 2753 776 2804 aut
792 2728 913 2817 subet,
964 2729 1028 2798 uod
1047 2732 1081 2797 in
1103 2723 1251 2800 descensu
1278 2752 1406 2801 motuni
1436 2729 1528 2803 suurr‘a

167 2837 355 2920 accelerat,
376 2831 433 2903 ubi
457 2826 639 2927 acquisierit
660 2834 694 2898 in
723 2828 897 2898 decidendo
914 2753 1122 2898 vilocitatem
1146 2824 1304 2920 aqualem
1331 2825 1530 2926 impressioni

165 2940 260 3008 venti
277 2927 399 3002 sursum
418 2927 548 3011 dantis,
570 2949 640 3024 quar
663 2947 777 3020 corpus
805 2919 953 2994 sustinere
973 2918 1101 3006 valeat,
1118 2921 1196 2993 dum
1209 2916 1389 2994 descensum
1403 2928 1530 3020 incipit,

166 3053 241 3104 tuin
253 3049 372 3125 corpus
384 3024 463 3096 illud
475 3044 603 3091 motum
618 3021 709 3089 suum
723 3042 789 3089 nori
801 3019 939 3115 amplius
948 3013 1164 3104 accelerabit,
1188 3011 1243 3087 sed
1271 3041 1347 3088 cum
1373 3016 1531 3120 acquifite

164 3127 344 3202 velocitate
358 3119 449 3218 quod
464 3117 624 3214 reliquum
645 3117 688 3187 est
707 3110 751 3184 sui
770 3109 950 3200 descensus,
974 3133 1147 3212 percurret.

218 3225 301 3295 Hoc
320 3222 436 3313 utique
456 3240 495 3284 eir
516 3217 614 3311 priori
634 3211 750 3311 probat
773 3214 940 3283 lemmate
965 3236 977 3280 i
1019 3231 1136 3307 corpus
1161 3213 1249 3282 enirn
1279 3233 1400 3282 certain
1423 3214 1457 3280 in
1482 3208 1531 3283 sui

164 3311 334 3394 descensus
345 3317 441 3383 initio
464 3309 559 3381 habet
584 3311 880 3381 &determinatam
901 3305 1108 3377 velocitatem
1131 3312 1223 3397 ,a'e‘t
1249 3330 1329 3378 vcro
1352 3330 1531 3403 quantum-

164 3424 216 3490 vis
231 3416 355 3486 centies
376 3409 462 3480 sorte
484 3406 603 3489 levior,
618 3431 655 3476 ea
667 3404 837 3475 velocitate
850 3397 969 3473 sursum
985 3407 1112 3472 moveri
1127 3405 1230 3502 potesl
1256 3426 1291 3473 ut
1314 3428 1428 3500 corpus
1441 3401 1531 3473 sulii·

162 3533 243 3586 neat
256 3505 306 3596 ‚si
329 3506 530 3578 tantumdem
553 3501 714 3572 celeritate
730 3503 838 3568 vincat
856 3521 995 3592 corpus,
1024 3517 1185 3590 quantum
1206 3501 1346 3566 vincitur
1359 3506 1426 3586 ejus
1442 3522 1531 3592 pon.

168 3611 253 3680 dete.
294 3610 407 3699 Quare
424 3599 478 3671 ubi
492 3603 544 3669 a'e't
560 3592 601 3665 sic
617 3600 774 3694 impinget
787 3599 821 3661 iti
834 3613 950 3686 corpus
963 3585 1166 3686 impressione
1183 3611 1239 3660 aut
1262 3588 1425 3658 celeritate
1447 3615 1528 3659 cen-

171 3709 233 3775 ties
250 3710 375 3793 iuniore
388 3752 399 3784 ,
414 3692 563 3795 quamsit
576 3697 680 3790 prima
694 3693 727 3759 in
745 3681 894 3758 descensu
920 3686 1065 3782 corporis
1088 3684 1242 3753 velocitas
1263 3739 1273 3769 ,
1290 3707 1390 3778 quarn
1417 3708 1456 3753 ue
1469 3683 1529 3756 esse

174 3798 421 3871 minatam
442 3785 599 3863 ostensum
619 3786 682 3857 suit
709 3843 720 3873 ,
741 3786 905 3879 utrimque
924 3777 984 3851 sier
1003 3776 1218 3873 aequilibrium
1237 3804 1274 3850 ex
1294 3707 1530 3876 percuslionum

174 3891 312 3991 legiam,
347 3890 409 3960 Sed
423 3893 526 3987 prima
545 3890 578 3953 iii
596 3884 742 3955 cadendo
757 3879 910 3963 velocitas
932 3902 971 3950 ea
991 3873 1057 3976 ipsa
1076 3875 1123 3947 est
1140 3899 1240 3972 quain
1253 3873 1413 3972 acquisita
1427 3883 1530 3950 conti·

176 4011 294 4061 uenter
311 3987 443 4078 adjicit,
469 4009 545 4053 cum
565 3968 747 4057 descensum
770 3975 925 4050 accelerat
949 4002 959 4046 r
987 3995 1061 4044 cum
1080 3975 1181 4070 igitur
1203 3997 1322 4072 corpus
1351 3996 1424 4044 eam
1447 3980 1529 4045 iuret

173 4084 355 4156 cadendum
372 4077 552 4175 acquiserit
579 4076 784 4148 velocitatem
803 4129 814 4160 ,
835 4098 905 4237 quae
922 4071 959 4142 fit
983 4067 1112 4162 aqualis
1133 4074 1220 4143 venti
1238 4065 1357 4139 sursunt
1404 4070 1529 4141 ellenris

172 4188 210 4253 dr
227 4173 402 4248 sustinentis
423 4174 598 4260 celeritati,
617 4170 729 4241 eadem
752 4174 784 4238 vi
809 4193 847 4267 pe
862 4168 904 4236 let
919 4173 1018 4253 a'c'ra,
1041 4187 1234 4259 quatiemus
1258 4186 1332 4234 aitte
1361 4097 1438 4233 illlrd
1464 4171 1530 4232 im·

174 4271 318 4375 pellebat
348 4300 356 4344 :
382 4284 416 4346 δι
439 4270 571 4340 eandem
596 4264 798 4337 resilientium
824 4259 967 4339 offendet
988 4319 999 4346 ,
1022 4283 1121 4350 quam
1151 4262 1286 4329 diximus
1313 4257 1528 4354 aequilibrium

171 4367 300 4442 efficere
319 4394 394 4439 cum
416 4393 453 4438 ea
473 4391 543 4463 quae
565 4361 837 4453 accelerationemx
851 4379 1006 4456 procreat.
1032 4359 1118 4451 Ergo
1132 4355 1211 4425 nihil
1224 4351 1359 4452 amplius
1371 4351 1529 4449 acqiiifitae

173 4467 329 4538 celeritati
347 4465 438 4536 addet
455 4488 514 4534 :ac
533 4480 649 4556 corpus
664 4458 811 4550 deinceps
830 4448 954 4525 cumea
974 4476 1072 4546 quam
1088 4453 1239 4548 paulatim
1254 4447 1420 4543 acqtiifiiit
1438 4449 1529 4517 velo.

174 4567 271 4634 citare
285 4585 388 4658 eaque
397 4556 550 4657 aequabili
567 4555 727 4650 reliquum
741 4548 906 4621 descensiis
921 4547 966 4620 sui
981 4553 1040 4618 iret
1061 4546 1261 4617 continuabit
1281 4571 1289 4616 ι
1310 4570 1384 4615 cuni
1405 4549 1437 4612 iri
1457 4549 1529 4612 a'c'ra

231 4685 286 4730 em
301 4683 394 4727 virm
419 4683 450 4726 ln
476 4677 519 4726 dt·

174 4659 259 4848 ndu
284 4758 368 4854 Q
382 4682 557 4856 squbntm
573 4745 724 4824 sennan
742 4768 781 4822 ex
792 4747 830 4821 iis
842 4766 913 4844 quae
926 4745 961 4838 in
975 4744 1111 4816 tractatu
1124 4742 1163 4814 de
1176 4733 1340 4811 collisione
1355 4758 1531 4833 corporum
