3646 5430
327 346 654 424 acroama
687 344 992 424 ursionis.
1028 347 1105 435 tn.
1133 358 1195 431 vr.
1385 359 1439 456 ‘rr

127 441 288 520 llluduon
300 445 480 519 inficiamur
493 469 661 543 erumpere
679 449 785 516 adrem
800 446 817 516 ὲ
831 442 1020 542 quibusdam
1036 448 1249 522 animantibus
1263 453 1296 524 in
1310 479 1381 526 mac
1393 467 1434 526 u'.
1451 451 1499 514 Al
1511 468 1548 515 ae·

77 568 121 620 m
134 543 359 643 pereumaticd,
376 541 427 613 std
445 547 492 615 D.
505 544 651 634 Meryex
665 540 854 611 animalium
867 541 949 640 pelle
960 565 1037 616 eum
1053 546 1181 642 prodite
1198 551 1373 623 contendit.
1391 558 1436 624 Ex
1453 563 1525 615 tam.

101 638 213 712 iscibus
230 638 360 734 quidem
376 641 458 708 viris
470 642 525 709 a'e't
536 635 699 734 egreditur
713 689 724 720 ‚
738 630 791 725 sed
807 639 832 706 is
845 640 954 708 eratin
963 635 1152 734 quibusdam
1161 641 1250 713 velut
1259 641 1372 718 loculis
1382 643 1439 719 sub

75 668 216 834 squamis
229 735 432 818 reconditus,
450 755 510 803 nec
522 754 639 830 corpus
652 724 744 827 piscis
756 728 946 802 detumescit
955 731 1021 804 hoe
1031 737 1104 805 aifre
1115 732 1251 807 difflato.

133 836 217 905 Non
229 831 327 923 igitur
340 853 395 926 per
407 831 488 898 cutis
498 851 597 925 poros
608 829 662 896 a‘e'r
673 822 738 923 ipse
750 827 858 897 avolat
872 881 881 910 ,
895 851 1037 925 uimque
1055 829 1094 899 ad
1106 851 1264 905 extremas
1278 831 1378 929 usque
1389 859 1443 906 ar-

75 930 171 1000 terias
183 929 329 1021 pervenit
347 925 411 994 nrt
428 947 503 994 cum
515 918 665 1019 sanguine
681 975 691 1006 ,
708 920 838 992 venulas
850 919 957 993 subeat
968 923 1089 996 ncceile
1102 926 1168 1012 est,
1191 948 1290 1024 atque
1308 931 1348 1000 ad
1368 931 1442 1002 dcx-

77 1042 165 1094 ttum
180 1017 279 1116 usque
293 1021 398 1089 cordis
417 1016 519 1088 sinum
538 1039 613 1088 eum
639 1019 810 1087 comitatus
829 1022 862 1088 in
884 1015 1053 1112 pulmones
1071 1020 1178 1094 redeat
1199 1047 1254 1118 per
1279 1029 1434 1114 arterias,

77 1117 316 1216 postquamper
328 1139 428 1188 venas
449 1110 564 1200 subiit,
580 1133 618 1181 ea
631 1114 753 1181 arteriis
771 1109 921 1182 vesiculas
942 1114 1102 1209 pulmonis
1125 1116 1276 1213 ingressus
1299 1144 1354 1216 per
1375 1142 1443 1190 tra.

78 1211 194 1282 dream
207 1211 376 1305 egreditur.
400 1209 502 1305 Quod
519 1208 650 1302 quidem
660 1208 738 1275 afris
749 1209 808 1276 iter
821 1231 888 1276 non
900 1212 1026 1298 ratione
1044 1210 1167 1297 modo,
1182 1211 1232 1284 sed
1247 1217 1443 1311 experientis

78 1310 90 1377 i
114 1307 166 1393 sl,
177 1313 210 1378 &e
228 1303 441 1378 insufflatione
453 1302 672 1375 confirmatur.
706 1305 748 1372 Er
766 1301 897 1396 quidem
915 1307 968 1372 adr
983 1307 1087 1401 magis
1107 1307 1230 1378 ridetur
1254 1307 1444 1382 necessarius

93 1405 223 1501 anguini
239 1400 386 1490 venoso,
422 1424 497 1472 uam
519 1396 671 1469 arterioso
690 1431 701 1488 3
717 1404 807 1469 venis
818 1401 942 1468 etenim
958 1421 1110 1495 perparva
1125 1401 1202 1471 ineu
1222 1409 1269 1472 vis
1286 1403 1410 1477 elallica
1428 1459 1442 1494 ,

80 1495 195 1568 sicum
209 1429 548 1570 annincmleranrur
562 1549 574 1581 ,
586 1500 621 1564 δι
637 1492 743 1563 multo
763 1501 867 1586 major
886 1490 1045 1587 sanguinis
1068 1497 1162 1591 eopia
1181 1500 1217 1567 iis
1236 1502 1445 1587 continetur,

78 1590 140 1663 illis
155 1593 236 1661 adeo
253 1600 284 1662 vi
305 1597 453 1664 exteriori
472 1587 698 1688 promovendo
709 1584 763 1660 san
788 1592 856 1658 uini
870 1592 971 1685 magis
997 1613 1096 1683 quern
1119 1596 1242 1664 arteriis
1262 1616 1343 1686 opus
1366 1595 1441 1667 esta

80 1711 157 1758 cum
168 1691 248 1756 a'e'ris
267 1693 348 1760 vires
361 1686 463 1785 longo
477 1687 611 1757 circuitu
624 1677 685 1754 srnt
695 1613 887 1772 debilitata,
902 1705 940 1753 ac
954 1683 1163 1758 circulatione
1177 1687 1306 1788 petasii
1322 1685 1442 1763 frao‘tus

80 1804 171 1853 novo
188 1787 252 1851 a'e'ri
265 1785 354 1855 oedat
365 1779 486 1854 necesse
499 1781 554 1852 cll.

137 1874 388 1950 Observationes
406 1878 606 1950 Anatomicae
619 1873 701 1946 bene
714 1874 821 1946 tnulrae
833 1871 925 1943 freta
937 1871 1009 1947 sunt
1021 1882 1055 1948 δε
1067 1901 1127 1975 pro
1152 1871 1255 1965 osta,
1272 1878 1442 1978 pluresque

82 1977 263 2044 omittimus
277 1997 351 2044 curn
367 1977 401 2045 in
415 1973 558 2047 Historia
570 1967 695 2044 Gallica
707 1979 741 2046 ec
755 1975 789 2043 in
811 1972 1062 2046 Commentariis
1076 1971 1113 2044 fu
1138 1974 1188 2043 ori
1200 1974 1284 2074 stylo
1297 1973 1357 2046 smt
1373 1971 1442 2048 des-

81 2093 128 2139 ert
194 2123 202 2140 .
483 2084 493 2095 ‘

129 2091 210 2234 luit
222 2170 249 2237 1.
277 2169 384 2259 Hujus
400 2170 523 2264 generis
534 2165 579 2235 est
602 2160 772 2261 descriptio
786 2159 934 2237 vasorum
957 2189 1028 2261 quae
1046 2163 1449 2263 Omphale-mesenteriea

83 2281 180 2330 vocat
197 2261 241 2333 D.
262 2262 305 2328 der
318 2268 472 2355 Verney,
488 2282 623 2355 quaeque
636 2259 840 2355 deprehendit
853 2263 887 2327 in
898 2263 1012 2351 quarrd
1024 2260 1120 2333 scetus
1140 2262 1354 2355 quorumdam
1373 2265 1443 2332 ani·

83 2353 218 2423 analium
233 2351 430 2427 membrana.
452 2359 536 2427 Haec
547 2375 602 2454 per
616 2350 796 2427 funiculum
809 2354 848 2423 ad
861 2351 1052 2427 umbilicum
1064 2350 1163 2452 usque
1175 2352 1309 2426 dedum
1321 2357 1355 2425 in
1375 2379 1444 2427 me·
1555 2381 1575 2436 ἢ,

82 2443 254 2522 senterium
270 2446 425 2522 dellnunt.

134 2571 164 2616 2.
190 2550 235 2618 D.
251 2552 392 2642 Poupart
411 2539 545 2614 diffluo
560 2542 671 2645 puelle
683 2540 839 2642 septennis
850 2564 1006 2639 corpore,
1026 2541 1147 2616 nullam
1160 2548 1193 2614 in
1208 2541 1329 2616 finistro
1347 2546 1446 2619 latere

84 2643 442 2728 uenam,aurarteriam
451 2639 691 2739 emulgentem,
709 2637 832 2709 nullam
850 2637 964 2710 iridem
976 2663 1110 2730 renam,
1130 2639 1182 2714 vel
1194 2643 1343 2712 arteriam
1361 2639 1446 2741 sper-

83 2756 314 2822 matrcam,nec
327 2759 455 2818 renem,
466 2758 693 2809 neeurererem
705 2737 839 2807 invenit.

136 2854 164 2917 3.
186 2836 232 2904 D.
247 2836 379 2927 Tattvry
397 2829 564 2927 epistolam
579 2831 658 2932 legit
678 2829 699 2901 a
719 2827 923 2901 D.C0urtial
937 2831 1071 2903 Medico
1086 2830 1276 2904 Tholosano
1285 2829 1448 2928 scriptam,
1515 2834 1518 2839 ’

85 2926 125 2996 de
136 2925 268 2996 muliere
281 2953 322 2997 22
332 2948 432 2995 annos
445 2948 521 2995 nata
536 2983 547 3014 ,
562 2951 633 3025 quae
645 2925 716 3025 post
731 2924 914 2993 diuturnam
936 2926 1155 3020 egritudinem
1177 2932 1277 3025 coepir
1295 2926 1449 3024 paulatim
1504 2975 1508 2983 -

85 3016 273 3107 decrescere,
284 3022 323 3093 ad
334 3023 427 3090 unius
438 3015 540 3112 usque
551 3023 637 3121 pedis
649 3018 863 3092 altitudinem.
884 3019 958 3088 Poll
973 3017 1099 3091 obitum
1117 3021 1184 3091 oll’a
1201 3045 1338 3118 queque
1353 3045 1448 3093 exce.

85 3118 148 3212 pris
158 3115 303 3188 dentibus
318 3113 384 3188 visa
394 3111 465 3187 sunt
477 3119 572 3190 instar
583 3140 661 3189 cerae
673 3113 807 3201 mollia,
819 3119 851 3188 &
862 3109 1033 3202 flexibilia,
1049 3118 1154 3186 omnis
1165 3119 1309 3189 caritatis
1321 3125 1356 3190 ‘ot
1376 3140 1447 3188 me-

86 3209 178 3280 dulla
190 3215 342 3308 expertia.

132 3331 165 3391 4.
197 3308 244 3379 D.
260 3304 414 3377 Homber
447 3305 586 3378 mulieris
599 3305 761 3400 cujusdam
779 3309 979 3378 mentionem
997 3303 1074 3377 feeit
1091 3330 1247 3379 annosae
1265 3330 1348 3379 nate
1365 3361 1375 3392 ,
1392 3310 1444 3376 cui

83 3402 167 3470 intra
180 3398 229 3471 sex
244 3398 401 3471 mcufium
413 3329 549 3497 lpatium
565 3398 693 3470 vicefies
706 3395 790 3468 setta
814 3400 858 3468 est
876 3425 955 3469 vena
975 3431 984 3486 ς
1000 3400 1120 3492 iujcslo
1140 3424 1286 3469 enemate
1302 3423 1338 3467 ex
1359 3424 1443 3494 aqua

87 3499 155 3565 vini
169 3497 318 3581 ardente,
333 3492 416 3563 lianc
425 3501 457 3563 in
469 3516 526 3562 ore
538 3492 607 3592 ipso
620 3493 727 3564 statim
736 3486 850 3564 sentire
861 3491 938 3584 visa,
951 3492 1053 3589 elque
1063 3490 1220 3563 inebriata
1234 3513 1358 3564 retento
1369 3516 1444 3564 ene.

87 3612 173 3661 mate
185 3615 337 3688 magnam
351 3593 447 3658 urinae
459 3591 587 3684 copiam
598 3584 716 3660 emisit.

140 3713 171 3780 5.
199 3691 241 3757 D·
265 3689 292 3756 L
317 3706 365 3755 tre
382 3682 500 3754 lienem
512 3690 546 3753 iu
563 3682 703 3784 lapidem
721 3684 858 3753 omnino
869 3679 1058 3753 conversum
1074 3704 1183 3754 coram
1194 3682 1329 3754 oilendir
1346 3678 1447 3771 ,uasis

87 3712 496 3877 omnibusuligamenris,
535 3771 1045 3864 uibutallolet,adhaerescentem.
1080 3781 1198 3849 Homo
1210 3802 1276 3849 erat
1292 3792 1448 3851 60annos

88 3897 181 3948 natus
200 3882 257 3971 qui
274 3897 440 3970 nunquam
455 3871 494 3942 de
509 3802 656 3968 splenicis
670 3869 836 3945 doloribus
854 3872 981 3972 questus
1003 3869 1119 3945 fuerat.
1156 3873 1296 3946 Alterius
1315 3896 1447 3971 quoque

88 3966 203 4066 splenis
218 3975 364 4042 tunicam
382 3965 501 4037 osseam
519 3966 670 4040 exhibuit.
1115 3999 1119 4006 Α

141 4066 230 4137 ldem
243 4089 300 4136 cor
311 4066 433 4155 iuvenis
446 4058 607 4152 cujusdam
618 4065 655 4132 iu
665 4061 750 4159 aqud
760 4062 890 4134 extincti
907 4063 1061 4160 protulit,
1082 4070 1173 4157 cujus
1188 4063 1338 4136 foramen
1356 4059 1448 4131 ovale

88 4160 192 4231 adhuc
205 4158 353 4257 patebat,
370 4180 425 4229 aut
441 4153 550 4229 saltem
565 4155 748 4232 membrana
761 4181 831 4254 quae
850 4156 928 4229 illud
947 4159 1100 4251 occludit,
1113 4162 1216 4232 minus
1228 4161 1380 4230 tenaciter
1390 4155 1467 4261 ad·

90 4248 902 4354 lraerescenripsdcordiscontredlatioueavulsaest.
1484 4253 1486 4256 ’

141 4367 174 4426 6.
199 4354 296 4426 D.du
319 4358 446 4445 Verney
464 4354 663 4421 mentionem
684 4345 759 4421 feeit
782 4344 911 4420 infantis
927 4355 1141 4448 quinquennis
1162 4349 1274 4449 quide
1293 4349 1449 4421 acerrimo

91 4449 204 4521 dolore
214 4450 253 4518 ad
265 4449 385 4521 radices
398 4441 459 4514 nasr
473 4447 664 4541 conquestus
681 4446 767 4516 lenta
779 4442 868 4514 febre
891 4472 946 4541 per
967 4471 1028 4519 tres
1048 4445 1169 4519 menses
1190 4448 1234 4517 eit
1253 4446 1414 4515 divertarus
1437 4474 1448 4532 ς

91 4540 174 4617 lianc
185 4542 332 4617 violente
345 4536 565 4613 convulsrotres
577 4536 648 4610 sunt
662 4539 846 4611 consecute·
872 4545 919 4610 Eo
931 4545 1239 4614 extinstovermisiu
1253 4537 1317 4610 firru
1327 4535 1448 4607 cerebri

91 4635 245 4735 superiori
255 4646 401 4712 inventus
413 4635 457 4705 est
479 4658 499 4716 4
518 4635 650 4737 pollices
663 4635 798 4738 longus,
813 4633 1068 4729 tetrqlumbricis
1082 4631 1273 4723 consimilis,
1289 4634 1346 4728 qui
1356 4655 1410 4730 per
1425 4657 1446 4723 9

94 4730 189 4825 horas
200 4740 290 4813 tirus
306 4733 452 4834 perstitit.
1204 4756 1301 4896 ΗΠ
1439 4752 1445 4763 ·
