3646 5430
284 413 344 472 214
605 386 814 462 REGIAE
856 382 1326 459 SCIENTIARUM

155 470 222 642 Aa}
237 496 274 546 u.
286 509 362 559 nem
375 488 463 558 ducit
475 543 486 575 ,
499 510 566 578 43,
586 510 615 574 3¹
640 490 721 558 min.
737 482 886 580 Lugduni
900 507 1000 582 prope
1013 479 1184 553 Ecclesiam
1201 484 1236 554 S.
1264 476 1354 553 Pauli
1376 493 1505 575 reperta
1523 471 1569 543 est
1586 489 1636 570 453

159 592 173 640 ι
221 594 250 644 ²⁰
293 607 314 665 ‘l
349 638 359 665 s
385 610 397 669 l
423 635 432 653 ·
594 594 597 599 Ι

319 613 379 748 5Ex
400 611 687 750 Observationibtrs
710 675 732 745 a
761 679 806 747 Ι).
827 679 870 746 D.
897 672 1034 760 Picatd,
1056 678 1090 744 &
1103 669 1183 741 dela
1198 674 1374 742 Hirecirca
1391 661 1558 762 utriusque
1574 678 1637 737 mai

292 779 333 845 ris
356 770 463 844 littora
490 781 549 845 rite
571 773 730 866 petasiis,
751 793 849 865 atque
872 795 911 842 ex
928 769 994 840 aliis
1014 793 1094 864 quas
1110 770 1144 836 in
1163 762 1233 864 ipso
1259 765 1449 836 Continenti
1475 769 1521 834 Ι).
1543 758 1640 832 Calli-

293 892 376 955 nus,
400 872 445 944 D.
463 873 502 942 de
521 871 550 939 la
573 870 676 952 Hire,
702 876 735 938 de
758 866 810 936 alii
828 868 1011 937 Academici
1035 867 1162 958 utrique
1182 861 1341 954 adjutores
1360 860 1427 929 dari
1454 881 1543 928 anno
1565 856 1636 927 inse.

293 970 407 1058 quenti
428 972 593 1046 inierunt,
614 961 723 1032 charta
741 960 855 1034 Galliae
875 959 980 1030 multo
1001 959 1197 1030 emendatior
1221 980 1321 1051 quam
1341 955 1408 1025 ulla
1431 1010 1442 1041 ,
1467 978 1541 1048 quae
1568 951 1636 1022 hac-

294 1062 450 1131 tenusvel
473 1070 493 1132 a
516 1053 706 1159 peritissimis
724 1064 773 1128 Ge
819 1055 924 1151 naphis
944 1056 1028 1125 edita
1045 1051 1142 1123 fuerit
1166 1108 1177 1139 ,
1203 1054 1390 1121 concinnari
1419 1049 1537 1145 potest.
1574 1052 1635 1118 liu·

296 1161 345 1245 jus
373 1151 532 1252 specimen
558 1155 643 1225 dedit
672 1154 718 1226 D.
741 1082 833 1224 deols
853 1155 935 1223 Hire
957 1154 991 1218 in
1021 1144 1214 1219 colleslione
1234 1140 1513 1216 Observationum
1535 1142 1633 1215 Astro-

296 1256 498 1321 nomicatum
520 1272 593 1321 ante
615 1246 742 1343 aliquot
759 1271 860 1317 annos
882 1247 977 1318 edita.
1024 1247 1114 1315 Nam
1136 1246 1170 1311 in
1192 1265 1255 1310 una
1276 1247 1310 1311 dt
1329 1239 1442 1309 eadern
1456 1234 1562 1332 figura
1577 1261 1634 1306 om·

296 1366 374 1428 nes,
389 1369 460 1441 quae
478 1344 569 1418 faeta
591 1342 661 1413 sunt
684 1347 716 1413 in
742 1340 846 1433 Gallie
870 1339 1031 1412 littoribus
1054 1342 1095 1409 ad
1106 1360 1229 1408 annum
1241 1331 1340 1430 usque
1353 1339 1430 1423 1683
1448 1330 1634 1405 observatio·

294 1460 353 1509 nes
371 1446 597 1527 continentur,
610 1434 701 1510 simul
716 1440 821 1508 videte
837 1439 880 1507 esi
893 1458 1051 1529 quantum
1062 1432 1250 1505 discriminis
1269 1430 1444 1500 intercedat
1456 1431 1542 1501 inter
1555 1427 1634 1501 char·

296 1554 347 1696 gas
370 1536 482 1608 Galliae
499 1538 549 1609 vel
564 1538 664 1634 nragis
682 1530 848 1631 exquifitas
866 1589 878 1621 ,
897 1539 931 1604 &
953 1529 1121 1628 hancque
1141 1550 1179 1597 tx
1204 1522 1375 1599 observatis
1391 1543 1542 1596 accurate
1565 1526 1636 1597 locis

317 1634 363 1703 uit
388 1634 555 1705 delineata.

276 1796 281 1803 .
358 1735 401 1800 V.
428 1731 538 1826 Atque
557 1732 583 1797 is
598 1727 703 1799 esitot
716 1730 865 1799 itinerum
883 1735 918 1802 dc
944 1723 1092 1798 laborum
1105 1720 1227 1794 fruetus
1245 1720 1551 1809 uberrimus,utex
1571 1717 1637 1795 Ob

295 1815 532 1897 servationibus
557 1824 789 1894 Astronomicis
814 1818 1044 1894 accuratislime
1065 1818 1196 1915 persilis
1219 1819 1272 1889 lux
1297 1842 1384 1888 nova
1408 1837 1483 1888 tum
1507 1822 1639 1915 Gtogra·

325 1916 408 2005 hia,
429 1943 499 1991 tum
514 1919 683 2016 navigandi
710 1921 778 1988 Atti
794 1917 964 1989 accesserit.
1002 1917 1290 2010 Jamann01678
1321 1911 1417 1982 hu'us
1446 1916 1551 2012 operis
1577 1937 1639 2009 pet.

300 1941 429 2084 delendi
455 2015 599 2087 formai
624 2020 669 2085 D.
699 2012 820 2084 Caffini
843 2011 1002 2110 designata
1022 2011 1126 2081 suerat
1147 2032 1185 2079 ex
1216 2006 1330 2082 tabulis
1356 1937 1533 2081 satellitum
1547 2010 1643 2108 Josis.

298 2110 381 2181 Eam
408 2109 597 2182 methodum
616 2117 650 2179 δι
673 2114 830 2179 rationem
854 2103 951 2178 secuti
969 2107 1071 2192 sunt,
1097 2110 1155 2200 qui
1172 2105 1253 2200 juli'u
1282 2108 1383 2201 Regis
1412 2111 1505 2178 varia
1528 2110 1561 2176 in
1583 2098 1644 2175 reffi

301 2198 375 2272 sunt
395 2209 508 2275 itinera
531 2229 605 2275 cum
623 2209 655 2272 iti
677 2200 838 2288 Galliam,
857 2225 927 2272 tum
954 2206 988 2274 in
1015 2200 1160 2273 Africam
1185 2211 1218 2274 Ac
1239 2205 1272 2270 in
1298 2204 1500 2274 Ameriam.
1532 2205 1568 2275 O
1602 2224 1646 2270 er·

299 2301 448 2370 vationes
466 2304 499 2370 in
515 2303 628 2370 exteris
643 2306 676 2371 &
689 2296 786 2393 longe
800 2295 910 2369 dislitis
924 2294 1105 2393 regionibus
1119 2292 1210 2367 faiis
1220 2353 1231 2385 ,
1242 2320 1318 2366 eum
1337 2298 1374 2366 iis
1396 2321 1473 2392 quae
1486 2301 1523 2370 in
1535 2294 1646 2372 Obser-

298 2399 428 2464 vatorio
451 2393 668 2478 habebantur,
690 2388 910 2469 collataesunt.
950 2401 1142 2464 Accuratam
1162 2392 1278 2463 Galliae
1295 2390 1439 2464 chartam
1464 2393 1646 2467 delineatam

298 2488 414 2560 utilem
427 2488 499 2562 sote
520 2488 650 2584 reliquis
673 2484 871 2586 perficiendis
888 2490 1040 2578 judicavit
1063 2489 1246 2560 Academia.
1285 2490 1335 2557 Ac
1358 2489 1493 2561 tandem
1519 2488 1593 2561 illud
1612 2514 1647 2563 ea

299 2581 356 2657 lon
380 2613 399 2656 a
420 2586 696 2659 Observationum
709 2577 787 2655 serie
808 2581 993 2655 conclusum
1011 2585 1118 2682 postea
1140 2582 1202 2653 fuit
1223 2639 1234 2668 ,
1261 2581 1412 2654 locorum
1442 2583 1649 2685 longitudines

200 2677 211 2691 ”
300 2611 408 2752 multo
428 2686 582 2754 atiliores
604 2677 686 2765 esse,
712 2683 749 2749 iis
767 2685 882 2775 quain
905 2677 1019 2751 tabulis
1045 2677 1278 2776 Geogtaphicis
1301 2700 1420 2750 notatae
1442 2676 1524 2754 sunt·
1555 2682 1650 2778 Cujus

301 2781 348 2847 tei
365 2801 403 2846 ea
424 2774 510 2847 sorte
532 2773 577 2845 est
606 2776 689 2844 tatio
707 2777 796 2868 quod
817 2777 878 2845 iter
891 2773 1043 2845 facientes
1062 2792 1117 2844 aut
1140 2780 1174 2844 in
1197 2797 1280 2845 tetra
1304 2827 1314 2851 .
1343 2798 1400 2846 aut
1425 2780 1460 2847 in
1485 2783 1568 2849 nuri
1580 2834 1593 2866 ,
1619 2783 1650 2851 in

300 2873 522 2968 computando
544 2873 665 2941 itineris
693 2868 813 2939 deeutfi
844 2868 979 2967 spatio,
1009 2869 1058 2939 vel
1092 2895 1130 2940 ex
1163 2867 1230 2966 ipsa
1261 2871 1467 2943 aestimatione
1491 2870 1650 2945 useless

298 2971 418 3052 navis,
444 2966 546 3063 vulgo
564 3022 574 3052 ,
595 2982 661 3063 par
687 2963 716 3030 le
737 2965 887 3061 Sillage,
915 2991 983 3037 non
1009 2961 1183 3036 subducant
1206 2967 1224 3037 ὲ
1242 2964 1365 3036 summa
1394 2968 1538 3039 vatiasA
1561 2969 1649 3039 κᾶο

300 3065 430 3224 traqtite
441 3062 657 3147 deviationes,
672 3084 778 3158 neque
790 3064 830 3133 ad
842 3065 1037 3132 currentium
1049 3117 1061 3148 ,
1074 3083 1129 3133 aut
1142 3084 1312 3134 ventorum
1322 3058 1506 3138 discrimina
1518 3059 1592 3139 satis
1604 3067 1652 3145 int

301 3177 354 3227 ten
377 3179 432 3228 ant
452 3181 606 3228 animum.

346 3251 574 3346 Quamobrem
588 3250 609 3323 st
624 3254 735 3325 eadem
751 3262 873 3328 tatione
887 3314 896 3343 ,
913 3282 984 3350 qtiae
997 3260 1031 3327 in
1050 3252 1155 3327 Gallia
1168 3251 1230 3325 fuit
1242 3249 1408 3352 usurpata,
1421 3253 1559 3332 aliarum
1570 3270 1647 3357 quoa·

299 3373 365 3447 que
391 3354 561 3445 regionum
586 3349 823 3446 longitudines,
844 3349 896 3423 seu
920 3355 1175 3424 Meridianorum
1198 3347 1384 3421 differentiae
1399 3354 1648 3444 contrabantur,

301 3470 369 3518 non
389 3442 527 3514 multum
549 3448 663 3516 aveto
680 3443 910 3521 aberrabimus.

347 3545 420 3613 Vi.
462 3545 569 3633 Hujus
597 3545 641 3610 rei
667 3541 844 3633 periculum
875 3541 952 3614 fecit
989 3544 1161 3613 Academia
1192 3546 1226 3612 in
1257 3565 1377 3637 magno
1401 3539 1647 3645 planispbaerio3

300 3637 391 3733 quod
414 3641 448 3706 in
483 3642 561 3706 turri
591 3634 813 3708 Observatorii
849 3639 1052 3711 Occidentali
1075 3637 1137 3708 suit
1168 3636 1361 3707 delineatum
1395 3638 1466 3731 post
1499 3639 1646 3715 absolutas

300 3729 537 3802 observationes
563 3735 702 3803 Danicas
732 3790 742 3819 ,
768 3736 1004 3820 Americanas‚
1026 3743 1061 3806 &
1084 3758 1136 3804 eas
1159 3758 1230 3829 quae
1248 3736 1282 3801 in
1305 3731 1407 3829 plagis
1433 3735 1645 3810 Occidentali-

303 3826 363 3895 bus
390 3828 525 3896 Francia
548 3823 661 3896 habirae
681 3822 764 3900 sunt.
805 3834 950 3902 Primum
977 3835 1063 3901 enim
1089 3828 1238 3899 locorum
1262 3831 1296 3895 in
1324 3826 1440 3924 quibus
1468 3829 1562 3905 faeta
1582 3830 1641 3905 firt-

302 3943 376 3991 tant
403 3917 640 3989 observationes
667 3976 677 4005 ,
704 3920 777 3991 situs
800 3920 872 3994 sunt
896 3922 988 4020 posti
1014 3952 1022 3995 :
1050 3924 1172 4020 reliqua
1207 3924 1225 3994 ὲ
1257 3921 1441 4020 vulgaribus
1474 3923 1641 4003 chattisita

304 4013 376 4086 sunt
400 4011 579 4100 translata,
608 4038 643 4084 ut
664 4014 900 4114 longitudinum
928 4015 1113 4092 differentia·
1133 4018 1246 4089 eadem
1276 4024 1397 4089 tatione
1428 4023 1641 4098 contraheren-

304 4134 386 4196 tur,
417 4112 510 4179 &ad
538 4115 638 4178 varias
664 4113 758 4180 Lunae
778 4111 907 4211 eclipses
927 4122 1137 4213 exigerentur.
1182 4117 1254 4184 Nec
1285 4112 1489 4211 praetermissa
1516 4120 1560 4189 esi
1581 4144 1641 4192 cor-

306 4209 408 4276 restio
428 4205 469 4274 ab
495 4205 605 4274 illustri
630 4202 795 4277 Peirestcio
817 4209 1081 4281 &celeberrimo
1107 4208 1268 4278 Gallendo
1290 4206 1376 4278 faeta
1399 4216 1433 4281 in
1456 4211 1571 4286 tabulis
1593 4216 1642 4315 by·

304 4298 525 4398 drogtapbicis
551 4306 645 4371 maris
674 4306 908 4375 Mediterranei·
945 4312 1007 4378 His
1030 4310 1118 4375 enim
1146 4305 1200 4376 ille
1229 4300 1390 4375 habendus
1420 4307 1465 4376 est
1497 4307 1640 4381 bonosus

305 4403 401 4495 primi
427 4394 551 4467 chartas
578 4400 790 4495 navigationis
807 4404 840 4468 in
864 4405 943 4470 mari
971 4403 1212 4473 Mediterranco
1237 4400 1512 4490 emendaverint,
1541 4414 1575 4479 dt
1590 4399 1639 4475 d'ts·

305 4498 441 4659 tastntiam
463 4490 638 4567 Malliliam
658 4499 739 4565 inter
764 4503 798 4565 de
826 4497 1051 4570 Alexandriam
1077 4498 1260 4591 quingentis
1287 4492 1478 4568 milliaribus
1501 4504 1640 4573 minorata

307 4612 323 4659 e
353 4611 483 4660 ccennt.

332 4692 383 4757 'V
402 4693 414 4755 1
431 4692 457 4757 Ι.
482 4684 694 4783 Geogtaphia
717 4683 832 4756 tabulis
852 4689 884 4757 in
908 4685 995 4758 hunc
1013 4690 1147 4759 modum
1170 4687 1344 4774 corrediis,
1367 4690 1550 4862 effice&
1566 4688 1642 4763 nobis

309 4777 414 4855 versus
428 4785 602 4869 Orientem
625 4789 658 4854 δι
683 4782 900 4857 Occidentem
922 4781 1143 4861 remotiffitnas
1165 4808 1201 4878 25
1221 4804 1329 4876 ausae
1342 4806 1381 4881 gr

1427 4789 1643 4875 'simun
