3646 5430
277 401 614 484 acanum
670 403 1013 484 HISTORIA.
1053 410 1182 489 hul.
1376 437 1416 512 73

86 511 129 600 '4‚
151 511 265 583 Lineae
284 502 365 574 albae
382 508 411 578 is
423 511 457 578 in
468 502 566 577 oculo
576 500 651 577 snus
671 506 716 577 est
731 502 938 594 observatus,
951 527 988 578 ut
1002 530 1086 606 pene
1097 508 1138 580 ael
1150 509 1418 611 perpendiculum
1435 505 1557 579 Devi-

43 610 204 683 incirleret
214 609 250 675 in
269 602 389 674 lineam
403 626 474 699 φιτ
490 598 531 670 ab
550 624 626 687 aure
637 602 677 672 ad
694 625 784 674 nares
800 602 993 690 duceretur,
1007 597 1142 674 sedauri
1163 610 1302 680 vicinior
1315 608 1418 705 quim
1434 603 1557 676 seror-

44 705 187 781 Μίδαι
214 705 300 774 Earn
318 695 504 786 pelliculam
520 720 621 768 unum
641 692 703 768 effe
725 698 743 770 ὲ
763 702 930 796 precipuis
951 693 1084 770 risonis
1105 707 1234 797 organis
1252 708 1287 775 in
1306 703 1419 777 avibus
1434 726 1534 806 gano.

45 798 222 900 suspicatus
238 796 284 868 est
299 795 346 866 D.
361 797 504 889 Pecquet
519 849 530 880 ,
543 782 579 865 bt
592 817 649 891 per
663 815 736 864 eam
751 817 859 864 rerum
877 789 1080 886 oblecrarum
1105 788 1224 892 species
1236 799 1278 868 ad
1300 800 1421 872 lineam

47 896 157 968 albnrn
169 891 305 978 deferri,
316 912 353 961 ur
366 890 537 981 interjectu
548 893 640 959 nervi
655 891 756 987 oprici
768 889 808 960 ad
821 887 989 960 cerebrum
999 884 1101 988 usque
1117 896 1316 988 perveniant.
1329 899 1421 969 Nam

49 994 81 1065 id
103 990 289 1063 admodum
311 985 360 1057 est
380 980 548 1082 probabile
566 981 723 1056 vifioneur
740 987 775 1055 in
794 979 907 1055 avibus
929 1008 1000 1080 φιτ
1019 989 1147 1056 eminus
1173 987 1312 1084 predam
1332 988 1423 1063 suam

52 1083 298 1188 conspicantur,
311 1106 381 1152 non
393 1075 572 1167 debilitari,
589 1099 625 1149 ut
643 1082 677 1148 in
691 1076 824 1150 homine
838 1134 850 1169 ,
862 1102 938 1150 cum
958 1082 1005 1149 rei
1021 1075 1154 1175 objebbt
1167 1085 1281 1182 imago
1299 1088 1333 1158 in
1347 1111 1424 1171 ner·a

51 1208 135 1256 rum
151 1186 297 1280 oprirum
314 1179 471 1252 incurrit,
490 1178 593 1244 autin
610 1177 720 1245 retina·
731 1170 814 1247 vasa.

99 1278 190 1349 xil.
207 1279 299 1347 Hrnc
310 1269 577 1369 disceptationem
586 1268 659 1341 saris
667 1269 760 1340 acute
771 1270 920 1344 dirimere
927 1272 1006 1345 mihi
1014 1273 1143 1346 videtur
1152 1275 1285 1350 D.dela
1297 1280 1425 1352 Hirein

55 1369 319 1448 ‹lill'errationede
328 1363 397 1439 visu
412 1372 446 1437 ἀ
461 1368 557 1436 variis
568 1373 635 1458 ejus
652 1362 772 1435 casibus
782 1419 794 1450 ,
806 1392 893 1439 anno
907 1383 1003 1463 1694.
1019 1369 1116 1443 edita.
1159 1371 1425 1471 Experimentum

59 1472 82 1544 ὲ
99 1476 145 1543 D.
161 1471 317 1539 Mariorre
333 1460 536 1563 propositum
552 1483 589 1532 ur
601 1480 726 1531 eertum
743 1467 777 1532 &
805 1462 1008 1556 exploratum
1023 1469 1118 1561 ponit
1139 1523 1151 1555 ,
1181 1467 1292 1541 locurn
1315 1467 1376 1540 else
1389 1472 1425 1543 in

60 1565 160 1639 fundo
171 1560 276 1648 oculi,
284 1563 319 1631 in
332 1581 485 1656 quernres
498 1556 606 1651 obje&
638 1553 763 1635 nullam
772 1553 895 1628 faciunt
904 1554 950 1630 sui
962 1557 1215 1658 impreffionem,
1227 1586 1302 1634 curn
1314 1585 1424 1638 tamen

62 1665 155 1734 retina
167 1650 346 1822 ubiqlusbsrt
360 1649 588 1818 trombiliterf
618 1676 656 1737 a,
667 1648 777 1724 locum
787 1656 866 1723 verb
876 1653 969 1727 illurn
983 1653 1028 1726 ibi
1041 1651 1102 1727 else
1109 1712 1122 1747 ,
1134 1656 1191 1730 ubi
1202 1681 1319 1732 nervus
1334 1665 1425 1760 opti·¹

60 1781 110 1828 cur
122 1753 214 1828 oculi
312 1774 369 1821 um

91 1779 415 1948 Negatgmenhinc
422 1841 570 1919 concludi
579 1836 665 1942 posse
677 1840 999 1942 chornidem,pornls
1014 1848 1118 1944 quim
1131 1855 1268 1924 retinam
1279 1851 1427 1950 ell'epro·

59 1933 1058 2133 llil.Vffil‘mqlii‘llbiff‘li‘lllliiillll
1070 1943 1427 2116 liilllllllli·

60 2142 180 2237 jectunr
198 2137 341 2208 medium
356 2135 515 2230 excipiat,
558 2129 625 2201 uod
641 2152 714 2200 earn
735 2130 757 2199 a
772 2153 807 2199 re
822 2126 866 2199 ob
878 2131 952 2200 ecta
965 2065 1079 2232 recipit
1097 2193 1108 2224 ‚
1128 2140 1227 2235 idque
1249 2067 1425 2212 ιριξιιιιιιιιιιο

62 2234 186 2308 estaliis
198 2228 345 2305 senfibus.
381 2231 482 2298 sicin
500 2156 628 2298 auiittls
644 2246 769 2334 organo
778 2219 861 2324 spira
873 2229 899 2296 is
909 2225 1040 2299 larnella
1061 2236 1143 2304 a'e'ris
1167 2233 1323 2306 tremulos
1348 2259 1425 2306 mo-

405 1745 495 1836 ubit,
512 1770 613 1844 atque
623 1745 667 1816 ibi
676 1742 832 1819 visionem
847 1746 993 1826 deficere.

869 2137 875 2149 Ο

62 2353 141 2419 tus,
167 2352 225 2401 aut
248 2324 444 2398 vibrationes
459 2328 494 2395 in
513 2325 604 2394 nervi
624 2319 776 2393 acoustrci
790 2319 933 2391 ramulos
954 2318 1164 2417 transmittit,
1185 2330 1283 2424 idque
1308 2335 1342 2401 in
1360 2330 1427 2402 lin-

61 2451 124 2526 gua
148 2483 160 2514 ,
184 2421 344 2509 naribus,
370 2429 404 2495 δι
425 2420 460 2491 in
474 2417 544 2491 aliis
555 2410 701 2488 sensuum
716 2418 844 2512 organis
863 2437 975 2486 natura
998 2414 1176 2509 observet,
1200 2446 1237 2494 ut
1256 2424 1352 2495 docet
1377 2430 1425 2501 D.

61 2523 105 2594 du
117 2529 254 2618 Verney
273 2521 309 2589 in
327 2517 480 2588 Trasiatu
496 2517 536 2587 de
556 2507 683 2584 auditils
696 2536 829 2608 organo.
851 2515 943 2585 Nam
952 2508 1097 2583 subtilior
1111 2518 1156 2609 cll
1167 2541 1342 2589 nervorum
1352 2541 1425 2591 rex.

62 2640 138 2689 tura
150 2671 163 2703 ,
176 2619 280 2712 qu'am
298 2636 335 2686 ut
353 2635 456 2683 renim
470 2613 664 2682 exteriorum
677 2622 680 2628 ’
692 2604 889 2705 impreffioni
906 2608 984 2677 nudi
1007 2630 1208 2706 exponantur
1229 2669 1240 2700 ,
1261 2634 1301 2682 ac
1321 2608 1427 2688 subin·

65 2713 109 2782 rle
124 2704 248 2781 necesse
266 2708 331 2799 est,
347 2731 382 2780 ut
399 2704 593 2798 membranae
606 2763 617 2794 ,
630 2698 748 2799 quibus
759 2725 912 2801 teguntur
928 2725 1102 2777 nervorum
1119 2704 1267 2796 fibrillae,
1287 2733 1339 2779 eas
1365 2714 1426 2784 im·

61 2802 276 2905 preffionesi
298 2799 489 2898 corporibus
507 2822 655 2913 exceptas
674 2803 709 2868 in
725 2823 841 2870 nervos
864 2794 1081 2871 transmittant
1106 2827 1183 2876 curn
1202 2811 1241 2877 iis
1261 2805 1426 2878 conditio-

64 2902 156 2973 nibus
176 2924 248 2996 φιτ
265 2898 437 2973 sensationi
456 2917 665 2969 conveniunt.
717 2898 772 2965 Sic
790 2892 963 2965 choroi'des
983 2918 1054 2990 φιτ
1078 2905 1112 2970 ot
1132 2896 1257 2974 firmior
1277 2900 1322 2972 est
1341 2957 1353 2990 ,
1390 2911 1425 2976 δι

63 2998 182 3068 eoloris
196 2995 413 3082 obscurioris,
429 2993 560 3065 luminis
587 2989 793 3090 imprellione
816 2987 945 3061 facilirls
968 3015 1222 3086 commovetur,
1252 2995 1353 3096 quim
1369 3020 1426 3069 ru.

62 3097 131 3164 nica
143 3093 343 3179 retiformis,
355 3115 429 3188 quae
443 3114 518 3160 curn
542 3088 578 3160 sit
598 3085 755 3186 diophane
775 3089 875 3158 varias
896 3085 976 3157 lucis
987 3087 1205 3185 impreffiones
1215 3118 1284 3166 non
1295 3098 1425 3193 excipit.

64 3190 194 3261 Sed-m
209 3188 385 3261 cboro'ides
400 3208 488 3257 certa
512 3184 655 3282 quadarn
678 3186 802 3254 ratione
822 3177 1022 3254 modificatas
1045 3186 1080 3254 in
1095 3192 1231 3260 retinam
1248 3213 1283 3262 ut
1294 3192 1327 3256 in
1345 3214 1427 3286 prae·

64 3289 194 3382 cipuurn
210 3282 296 3356 visus
310 3307 469 3382 organum
485 3278 657 3368 transfert,
679 3302 739 3350 nec
750 3282 850 3350 terim
869 3301 906 3351 ut
926 3303 982 3376 par
1005 3279 1073 3366 est,
1098 3279 1271 3357 afficitur&
1290 3284 1425 3374 lumine,

66 3379 118 3450 nifi
139 3385 247 3452 varias
274 3389 343 3474 ejus
371 3373 631 3477 impreffionesi
660 3370 818 3445 choro'ide
838 3397 1008 3447 commota
1034 3398 1208 3454 mutuetur.
1233 3377 1329 3455 Nihil
1344 3381 1429 3451 adeo

66 3480 182 3643 ιιιιφέ
196 3477 243 3548 est
265 3474 292 3548 fi
313 3470 395 3548 vilio
411 3479 497 3546 inea
515 3476 623 3545 retine
647 3492 737 3571 parte
755 3494 823 3543 non
844 3469 931 3558 fiat,
955 3475 1007 3542 cui
1034 3493 1102 3542 non
1123 3468 1226 3547 subest
1250 3470 1317 3574 ipsa
1342 3472 1428 3545 cho·

69 3592 117 3639 ror
174 3624 184 3643 .

335 3986 651 4136 suerro
770 4036 1132 4172 erurn.

362 4264 463 4395 ‘De
477 4251 564 4354 aliis
594 4249 770 4390 Phyficis
785 4261 1074 4391 experimentis.

71 4478 138 4664 P
158 4493 223 4568 0st
238 4491 313 4607 baec·
324 4493 529 4604 multaflcirca
548 4491 713 4607 liquorum
730 4493 971 4602 concretionern
994 4487 1081 4602 sista
1105 4488 1181 4602 sunt·
1196 4479 1429 4602 experimen&

69 4616 232 4791 post-ug?
253 4587 469 4695 Philosophrae
487 4589 651 4682 naturah,
667 4613 738 4663 uno
755 4595 789 4663 δι
804 4587 954 4663 nredendr
972 4610 1035 4661 artr
1046 4584 1196 4668 nonnihil
1215 4586 1295 4658 lucu
1312 4582 1429 4660 ali-'erre

1256 4911 1285 4982 x
1394 4864 1398 4868 .
