3646 5430
429 370 470 444 'rt
754 360 953 435 REGIAE
993 352 1450 436 SClEN'l‘lARUM

301 469 363 538 riu
377 489 413 538 u.
431 489 505 535 cum
519 459 602 562 galla
621 459 784 563 paululum
802 451 964 527 rubescere
982 454 1046 527 visa
1059 459 1103 528 est
1118 516 1128 545 ‚
1146 456 1238 547 hujus
1251 457 1319 527 duae
1339 458 1426 530 libra
1452 483 1526 532 euni
1543 461 1627 562 'aqua
1650 463 1691 538 Se
1717 465 1783 534 '‘“2

301 574 396 634 166⁷.
432 584 478 629 nae
495 555 633 654 ejusdem
647 556 740 628 molis
756 578 812 625 aut
824 550 997 622 voluminis
1009 552 1132 624 collatae
1151 577 1224 641 ¹03·
1246 558 1353 647 granis
1374 562 1534 651 graviores
1549 584 1678 657 reperta
1705 585 1781 633 unt.

298 661 400 730 &ob
432 658 506 726 Post
525 654 761 724 distillationem
778 672 893 813 mapna
911 642 1090 746 saliscopia
1116 656 1150 720 in
1175 646 1277 719 fundo
1298 644 1377 719 vasu
1394 648 1508 722 resedit
1531 709 1543 740 ,
1566 660 1656 748 cujus
1682 654 1779 752 sapor

428 773 501 821 acer
514 775 579 821 non
599 745 740 819 multllm
759 750 781 815 a
800 740 862 813 sae
879 747 1087 814 ammoniaco
1106 743 1227 815 alienus
1244 741 1409 814 videbatur
1428 774 1438 817 ε
1459 769 1596 844 quatuor
1617 748 1705 820 librae
1721 768 1782 825 ex,.·

427 843 537 918 tillatae
554 844 630 914 duas
650 839 814 911 drachmas
836 864 909 910 cum
923 835 1042 908 semille
1061 845 1200 911 mareriae
1223 833 1305 906 salsae
1318 837 1517 935 praebuerunt
1536 877 1546 930 3
1567 869 1604 914 ac
1625 869 1711 914 nona
1723 842 1782 913 fe.¹

426 963 461 1008 re
474 966 544 1038 pars
560 959 648 1009 terrae
662 959 730 1008 erat
744 971 754 1026 3
767 932 809 1008 bl
833 932 1019 1034 coagulatus
1041 938 1177 1005 omnino
1189 929 1373 1029 sulphureus
1386 958 1424 1005 ex
1436 936 1538 1010 allato
1559 934 1637 1038 saepe
1652 941 1779 1010 indiciis

426 1039 583 1132 apparuit.

482 1136 543 1202 XI.
579 1135 675 1229 Aqua
688 1132 800 1204 itidem
825 1125 927 1198 calida
951 1135 985 1200 in
1000 1129 1093 1201 sonte
1107 1125 1164 1198 suo
1177 1127 1296 1195 d’Ever
1309 1131 1426 1226 ingrati
1436 1150 1505 1200 erat
1518 1127 1636 1228 saporis
1658 1139 1689 1202 δι
1707 1128 1782 1199 feu

428 1225 486 1296 tidi
510 1227 629 1301 odoris.
669 1227 774 1300 Nullo
793 1224 859 1294 fere
875 1226 999 1295 iudicio
1026 1247 1080 1295 aut
1101 1221 1190 1320 galla:
1214 1246 1270 1294 aut
1295 1218 1364 1293 salis
1387 1229 1612 1312 ammoniaci,
1635 1225 1686 1296 vel
1705 1221 1780 1295 salis

428 1325 561 1408 tartari,
580 1323 631 1393 vel
652 1321 717 1393 olei
734 1318 875 1406 vittioli,
898 1343 953 1392 aut
978 1320 1130 1404 vittiolo,
1149 1339 1205 1388 aut
1223 1313 1285 1389 sale
1297 1315 1468 1417 sulphureo
1483 1323 1689 1415 impraegnata
1715 1346 1783 1415 ap-

423 1423 552 1512 patuit3
576 1416 739 1515 paululum
759 1437 826 1485 erat
849 1421 1016 1512 graviora
1043 1440 1083 1485 ua
1104 1418 1144 1485 Se
1171 1435 1270 1486 uana.
1313 1410 1461 1484 lixtillata
1473 1438 1585 1509 parum
1597 1412 1665 1483 salis
1676 1417 1783 1502 dedit,·

424 1517 483 1606 qui
499 1509 609 1608 sapore
624 1510 679 1583 suo
697 1507 894 1609 Crystallum
911 1441 1097 1581 mineralem
1114 1436 1292 1596 rescrebat,
1314 1504 1402 1604 isque
1424 1532 1484 1576 uec
1505 1506 1632 1577 succum
1653 1507 1781 1580 florum

421 1630 528 1702 parvae
541 1607 628 1680 iridis
643 1608 737 1676 viridi
760 1603 867 1675 colore
885 1603 1021 1692 infecit,
1036 1629 1096 1674 nec
1115 1602 1217 1673 ullum
1240 1627 1368 1675 motum
1386 1627 1461 1671 cum
1474 1600 1548 1670 oleo
1578 1602 1697 1672 vitrioli
1716 1628 1781 1674 ex..

420 1704 552 1788 citavit,
566 1726 625 1772 nec
639 1698 798 1773 sublimati
815 1694 1006 1771 solutionem
1019 1699 1180 1770 turbavitt
1207 1722 1282 1768 cum
1303 1695 1461 1794 salepetrae
1491 1705 1646 1787 majorem
1677 1697 1779 1771 hbe.

417 1792 475 1867 bat
497 1794 706 1884 affinitatem,
725 1793 776 1866 sed
793 1790 928 1863 accensis
948 1793 1138 1864 carbonibus
1157 1791 1323 1887 impofirus
1335 1817 1401 1862 uun
1415 1789 1614 1864 fulminabat.
1659 1793 1696 1861 ld
1714 1818 1772 1863 ve.

416 1893 456 1960 rb
473 1896 582 1967 mitari
596 1889 679 1963 subit
694 1889 791 1962 salem
810 1885 904 1979 hujus
929 1894 1051 1985 generis
1074 1892 1131 1983 qui
1202 1887 1248 1956 stu
1270 1884 1459 1982 subfrig⁵dus
1487 1894 1521 1957 &
1543 1884 1608 1956 fine
1628 1892 1774 1958 acrimo-

416 1989 470 2054 nia
482 1987 664 2080 judicatur,
681 1992 716 2055 in
733 2011 752 2056 a
778 2007 818 2051 ua
838 1982 939 2052 calida
960 1977 1055 2052 inesse
1075 2006 1135 2051 nec
1181 1979 1350 2051 ituminosa
1370 2039 1380 2067 ,
1410 2005 1468 2051 nec
1489 1979 1680 2078 sulphurea,
1694 2009 1773 2057 cum

415 2077 537 2252 giversa
565 2080 660 2179 plane
687 2077 725 2153 stt
747 2010 831 2150 illius
854 2072 925 2147 salit
951 2097 1065 2148 natura
1086 2075 1128 2148 ab
1150 2081 1268 2174 coqui
1290 2080 1324 2147 in
1341 2077 1411 2149 aliis
1431 2074 1563 2150 thermis
1591 2077 1773 2176 deprehen-

439 2197 513 2250 rtur.

467 2276 545 2345 Xll.
569 2318 571 2322 ν
595 2274 790 2375 Complures
813 2270 882 2342 alia
932 2294 980 2341 ua
1004 2276 1086 2345 inter
1109 2274 1275 2344 mineralrs
1295 2293 1393 2368 aquas
1417 2269 1517 2367 vulgo
1539 2268 1737 2342 recensentur
1756 2294 1771 2360 ,·

419 2370 515 2439 variis
537 2366 778 2468 probationibus
798 2363 869 2437 sunt
882 2297 1055 2461 subjecta,
1099 2393 1145 2436 uae
1169 2392 1338 2466 perparum
1357 2363 1425 2435 salis
1453 2367 1624 2451 dederuut,
1645 2390 1704 2436 nec
1721 2365 1771 2438 fe.

421 2486 456 2532 re
488 2465 559 2537 ullis
589 2464 713 2535 iudiciis
741 2487 798 2535 aut
819 2461 931 2559 sapore
946 2486 1025 2550 ,aut
1042 2395 1134 2561 galla
1159 2463 1308 2560 pulvere,
1338 2484 1392 2531 aut
1415 2459 1524 2558 spiritu
1547 2460 1615 2531 salis
1636 2489 1771 2531 ammo.

421 2561 536 2649 uiaci,
560 2581 614 2630 aut
647 2554 708 2631 sale
735 2563 845 2630 tartari
865 2554 935 2630 sunt
965 2562 1154 2632 immutatae.
1188 2563 1294 2648 Hujus
1318 2563 1441 2654 generis
1468 2555 1596 2627 fuerunt
1621 2582 1709 2653 aqua
1727 2554 1768 2624 do

422 2653 747 2746 Belesmein'Unellis
762 2678 794 2724 v.
810 2652 839 2715 le
859 2651 998 2722 Penthei
1020 2655 1099 2722 osto
1118 2652 1210 2744 hujus
1223 2677 1314 2747 aquae
1337 2650 1421 2721 librae
1446 2652 1496 2722 sex
1518 2649 1646 2722 tantrlm
1667 2676 1767 2748 grana

420 2743 492 2816 salis
508 2753 638 2821 terioris
656 2747 821 2818 dederunt.
844 2746 940 2836 Aqua
956 2742 994 2810 de
1015 2745 1163 2812 Verberie
1177 2770 1276 2842 prope
1299 2748 1539 2844 Compendium
1559 2745 1682 2815 nullum
1707 2773 1770 2844 pe.-

420 2863 463 2910 ne
474 2840 570 2913 salem
584 2841 722 2938 reliquit.
742 2845 836 2937 Aqua
849 2839 1007 2930 rl‘Oiiarsy
1019 2846 1051 2911 in
1066 2867 1145 2939 agro
1162 2838 1377 2912 bellovacensi
1391 2866 1489 2940 prope
1506 2843 1770 2916 Clarornontium

419 2933 568 3012 distillata
578 2936 778 3032 aliquantum
798 2933 866 3007 salis
886 2961 961 3006 cum
974 2936 1095 3008 fecibus
1114 2943 1244 3006 terreuis
1267 2938 1349 3006 milli
1364 2942 1397 3006 in
1410 2936 1512 3006 fundo
1530 2934 1607 3007 vasis
1623 2937 1768 3032 reliquit,

421 3037 564 3122 quicum
578 3031 653 3102 oleo
666 3037 786 3105 vitrioli
801 3031 924 3103 nullum
941 3029 1119 3122 fremitum,
1133 3055 1188 3102 aut
1200 3035 1338 3129 partium
1351 3055 1477 3102 motum
1489 3031 1607 3103 effecit.
1623 3035 1716 3127 Aqua
1728 3034 1768 3104 do

418 3125 569 3222 Balagny
594 3150 695 3226 prope
715 3128 944 3227 Sylvaneilum
963 3152 1132 3227 perparum
1154 3149 1242 3199 rerrae
1264 3123 1401 3226 insipidae
1424 3127 1576 3201 infundo
1593 3123 1670 3199 vasis
1695 3130 1767 3226 post

416 3219 657 3296 distillationem
675 3224 813 3319 reliquit.
911 3273 916 3282 ·
1588 3254 1592 3265 ·

473 3323 567 3395 Xlll.
592 3325 673 3415 Qrae
690 3320 790 3414 vulgo
804 3322 919 3391 dicitur
934 3322 973 3391 de
990 3322 1098 3412 scritate
1118 3329 1221 3419 Rryne
1234 3318 1336 3418 qualis
1358 3323 1490 3392 Lutetia
1510 3320 1629 3393 venalis
1650 3343 1735 3394 extat
1752 3339 1766 3412 ,‘

416 3412 557 3507 pulveris
570 3415 659 3515 gallae
674 3416 881 3503 admistione,
896 3441 952 3486 aut
966 3414 1089 3514 spiritus
1104 3418 1173 3491 silis
1191 3422 1383 3490 ammoniaci
1404 3416 1606 3486 instillatione
1623 3422 1676 3487 vix
1699 3421 1764 3487 im.

415 3532 538 3581 mutata
557 3515 715 3611 apparuit.
751 3513 833 3582 Duae
842 3516 966 3582 circiter
977 3511 1064 3583 librae
1078 3516 1146 3604 post
1156 3515 1392 3585 distillationem
1405 3510 1454 3583 sex
1466 3538 1563 3610 grana
1581 3509 1649 3582 salis
1663 3519 1767 3595 acrioff

413 3609 456 3674 tis
475 3605 686 3698 praebuerunt.
713 3614 802 3680 Huic
816 3608 867 3679 sali
881 3613 916 3677 in
933 3634 1018 3705 aqua
1036 3614 1202 3682 communi
1214 3603 1358 3679 exsoluto
1380 3607 1506 3704 aliquot
1526 3633 1622 3705 guttae
1638 3608 1699 3677 olei
1714 3615 1765 3681 vi.-

302 3712 307 3722 ‘
337 3760 340 3764 .
412 3700 500 3769 trioli
525 3701 631 3774 affusa
657 3708 735 3774 citra
764 3706 863 3775 ullam
883 3702 949 3774 fere
970 3702 1242 3777 effervescentiam
1264 3709 1503 3775 concretionem
1527 3699 1661 3773 efficere
1687 3727 1765 3776 cum

411 3791 508 3864 furno
527 3795 641 3868 fetido
664 3817 678 3884 ,'
704 3799 807 3893 qualis
823 3823 860 3868 ex
889 3800 1018 3868 mistura
1039 3800 1103 3870 olei
1125 3801 1244 3870 vittioli
1267 3824 1341 3870 cum
1367 3797 1522 3892 sulphuris
1544 3797 1593 3867 vel
1615 3801 1764 3867 antimo·

412 3890 458 3955 uii
478 3889 680 3962 dillolutioue
703 3919 758 3988 per
778 3889 961 3988 sulphureos
984 3888 1058 3962 siles
1078 3918 1186 3990 parata
1210 3893 1315 3966 efferri
1332 3890 1422 3964 solit.
1456 3894 1508 3962 Sal
1529 3892 1582 3962 ille
1603 3915 1670 3960 non
1696 3890 1764 3963 dis.

411 3976 522 4052 fimilir
547 3990 717 4063 antimouii
739 3981 793 4055 sali
806 3985 886 4057 visus
901 3987 945 4056 est
968 4046 979 4075 ,
1005 4012 1144 4085 cumque
1166 3985 1293 4060 eosdem
1320 3984 1452 4058 effictus
1468 4011 1558 4082 aqua:
1578 3987 1638 4058 illae
1656 3994 1764 4059 mine*

406 4076 492 4148 tales
518 4088 551 4152 δι
575 4081 618 4151 sal
647 4087 816 4153 antimonii
838 4107 1026 4182 procreent,
1045 4083 1121 4154 hinc
1135 4084 1220 4156 forte
1234 4081 1380 4182 suspicati
1396 4083 1468 4153 licet
1483 4107 1555 4153 ente
1569 4089 1675 4180 primo
1690 4139 1700 4170 ,
1724 4108 1761 4155 ut

404 4195 532 4255 ,vocarit
546 4234 557 4264 ,
569 4183 738 4249 autimonii
756 4206 807 4250 eas
820 4204 839 4248 a
865 4204 920 4249 uas
933 4182 1143 4276 impraegnari.
1182 4184 1243 4251 Sed
1255 4205 1328 4251 cum
1340 4201 1450 4276 patum
1460 4174 1530 4246 salis
1544 4181 1580 4247 iis
1593 4175 1662 4247 insit
1673 4176 1761 4264 ,fora

404 4267 458 4335 -ell
477 4294 510 4340 ut
527 4279 674 4369 'quinque
687 4298 741 4344 aut
755 4273 804 4346 lex
822 4206 889 4345 illis
909 4279 1081 4345 antimonii
1096 4301 1195 4371 grana
1216 4283 1248 4346 iu
1275 4271 1395 4367 jusculo
1415 4269 1538 4370 sumpta
1567 4298 1632 4343 uon
1652 4278 1762 4341 mino·

413 4385 483 4431 rem
497 4366 648 4440 afferrent
667 4367 807 4441 sananda:
821 4368 932 4440 scabiei
945 4394 999 4439 aut
1014 4375 1165 4466 prurigini
1184 4371 1356 4442 utilitatem
1373 4425 1384 4454 ‚
1409 4371 1511 4462 quatu
1528 4394 1641 4466 magua
1666 4366 1760 4455 hujus

406 4481 505 4556 *aquae
520 4468 623 4562 copia
650 4468 713 4534 Au:
733 4468 818 4536 certe
843 4468 890 4533 vis
908 4475 974 4554 ejus
995 4462 1126 4534 forsitan
1144 4464 1306 4543 efficacior
1321 4462 1423 4547 soret,
1445 4458 1470 4539 si
1490 4489 1577 4559 parte
1595 4471 1659 4555 ejus
1686 4488 1761 4532 nia·

388 4580 392 4589 ·
412 4560 483 4645 jore
502 4558 644 4630 exhalata
672 4587 742 4655 quae
772 4561 850 4631 nihil
875 4562 918 4629 cst
935 4559 1020 4629 aliud
1039 4565 1142 4653 quam
1165 4561 1320 4659 phlegma.
1337 4559 1448 4630 inutile
1469 4617 1478 4645 ,
1496 4582 1575 4627 unus
1600 4582 1655 4627 aut
1678 4559 1759 4629 alter

405 4648 550 4750 scyphus
567 4682 657 4751 aquae
683 4663 856 4753 potaretur.
888 4660 942 4724 Sic
963 4659 1049 4724 euim
1072 4640 1250 4727 ventriculo
1265 4658 1354 4724 oneri
1374 4683 1440 4725 riou
1462 4649 1549 4730 riser,
1563 4657 1758 4746 cumquevis

408 4743 505 4839 liujus
530 4779 621 4855 aqua
645 4777 714 4828 tuta
740 4759 775 4828 iu
793 4750 856 4826 sale
879 4751 1023 4857 quodam
1044 4747 1116 4828 satis
1138 4750 1204 4850 fiio
1227 4748 1330 4854 posita
1356 4749 1419 4839 sir,
1447 4748 1528 4852 nibil
1549 4749 1755 4851 metuendum
