3646 5430
298 386 360 460 ιιι
613 362 815 434 nucia
868 355 1339 441 scrrurranum

159 457 229 528 Aa
242 479 280 532 rt.
294 483 344 530 tus
358 458 501 532 tracheas
517 480 653 556 quoque
672 458 839 543 distendit,
857 480 929 551 quae
952 454 1158 546 circumjedta
1174 451 1245 524 vasa
1262 450 1305 522 fic
1319 473 1473 552 premunt
1491 507 1504 540 ,
1527 477 1567 529 ot
1593 452 1665 533 suc·¹

158 566 255 646 1694.
294 578 370 627 cum
381 560 419 625 iis
432 577 623 627 contentum
635 559 668 624 in
681 577 754 623 eam
766 576 890 651 partem
904 543 1192 646 compellant,ubi
1204 547 1568 626 nunetestresrstentia.

335 661 367 725 V
380 657 393 721 l
407 659 433 725 1.
468 648 593 724 Verrlm
618 653 784 719 interiores
806 648 950 743 stirpium
969 668 1072 743 partes
1088 643 1153 713 hoc
1173 642 1250 715 loco
1267 670 1336 716 non
1349 643 1437 742 perse
1463 653 1575 722 uimur
1588 710 1600 742 ‚
1613 651 1662 726 sed

289 754 462 821 exteriores
474 745 604 819 tautrlm
618 801 629 830 ,
642 768 680 815 ac
693 749 865 839 querimus
880 744 963 813 unde
987 740 1152 811 charasber
1176 747 1354 838 pracipuus
1367 671 1528 908 ajulrpe
1542 754 1661 845 μή

290 842 329 914 fit
341 846 553 939 repetendus,
576 867 617 912 an
631 865 669 910 ex
682 840 786 910 radice
801 896 810 923 ,
830 839 881 909 vel
896 839 913 909 d
927 837 1077 921 caudice,
1091 859 1146 905 aut
1159 837 1178 906 ὀ
1190 834 1276 908 soliis
1291 861 1348 909 aut
1365 837 1464 911 frudi
1494 864 1558 932 us,
1579 850 1660 920 aure

290 938 447 1023 floribus,
461 964 503 1009 an
516 939 645 1010 demum
662 961 700 1006 ex
715 932 856 1032 pluribus
871 935 938 1006 und
955 935 1149 1026 coujunStis.

337 1036 478 1106 Radices
492 1035 621 1130 quidem
639 1056 702 1127 prae
720 1034 838 1100 caeteris
865 1031 979 1128 plantae
998 1033 1127 1126 organis
1149 1029 1295 1100 videntur
1309 1036 1413 1127 magis
1426 1031 1469 1102 ad
1483 1040 1556 1127 ejus
1572 1059 1658 1110 mn.

294 1156 363 1202 ram
379 1135 537 1227 pertinere
559 1155 576 1201 ι.
595 1129 683 1199 nulla
704 1131 791 1197 enim
815 1123 879 1196 fine
904 1128 1008 1197 radice
1032 1128 1138 1211 vivit,
1157 1150 1197 1194 nc
1211 1123 1323 1196 tubera
1340 1127 1478 1223 quidem
1493 1185 1506 1215 ,
1524 1154 1582 1203 aut
1599 1131 1657 1206 ms.

294 1251 380 1319 curq.
414 1230 505 1298 Nam
522 1229 555 1294 in
574 1223 636 1295 illis
650 1247 760 1294 tenues
772 1221 861 1293 velut
878 1221 1120 1320 capillidrugis
1133 1220 1348 1321 prodeuntes,
1375 1227 1425 1295 uri
1441 1233 1480 1297 dt
1505 1223 1658 1303 silanum

297 1328 317 1394 ἑ
339 1319 469 1392 cuscura
488 1322 658 1418 prodeunt.

342 1416 491 1512 Reliquae
510 1417 655 1508 stirpium
688 1437 771 1486 artes
790 1440 857 1485 non
871 1419 904 1485 in
921 1408 1072 1482 omnibus
1086 1415 1315 1487 inveniuntur:
1333 1415 1448 1487 tubera
1462 1428 1501 1493 &
1524 1419 1657 1520 plerique

294 1515 388 1614 fungi
407 1511 502 1609 scapo
517 1569 527 1598 ‚
541 1509 595 1583 seu
611 1443 722 1597 caule,
739 1519 773 1583 dt
789 1509 877 1581 foliis
887 1511 1119 1596 destituuntur,
1142 1534 1181 1578 ac
1194 1507 1299 1580 nescio
1317 1538 1359 1583 an
1376 1510 1505 1586 semina
1521 1520 1658 1593 omnibus

293 1619 431 1684 omnino
447 1613 499 1682 stit
523 1608 595 1680 ibus
608 1607 723 1695 insint,
736 1630 773 1677 ut
787 1611 822 1678 in
839 1604 947 1704 fungis
965 1629 1064 1701 atque
1086 1609 1124 1674 iis
1136 1604 1287 1676 omnibus
1301 1634 1375 1704 quae
1394 1613 1427 1678 in
1446 1609 1557 1684 fundo
1575 1622 1658 1689 maris

292 1705 463 1778 nascuntur
479 1637 596 1801 plintis
612 1735 619 1775 r
635 1701 761 1776 tametsi
773 1704 950 1774 admodum
969 1698 1135 1802 probabile
1156 1703 1202 1772 est
1226 1725 1262 1774 ut
1279 1704 1434 1778 animalia
1458 1764 1472 1798 ‚
1500 1707 1544 1781 sic
1559 1711 1658 1812 stirpes

291 1828 406 1876 omnes
429 1801 641 1876 &seminibus
663 1804 752 1874 oriri.

335 1901 451 1974 VIII.
484 1903 640 1996 Stirpium
659 1920 764 1992 partes
783 1922 895 1968 omnes
909 1893 1046 1967 nonsibi
1061 1890 1134 1965 solis
1152 1953 1163 1982 ‚
1186 1893 1238 1968 sed
1257 1905 1291 1969 dc
1304 1896 1374 1968 aliis
1391 1897 1654 1995 formatevidm·

287 2015 360 2067 tur:
379 1998 498 2068 radices
513 1992 642 2064 succum
656 1996 674 2065 e*
692 2016 775 2064 terra
794 1990 942 2078 sumunt,
956 2017 1055 2089 atque
1069 1996 1102 2061 in
1124 1995 1163 2061 iis
1183 1998 1322 2090 primum
1337 1992 1532 2069 elaboratur
1538 2056 1549 2091 ,
1562 2023 1657 2096 qoem

287 2088 398 2189 scapus
412 2114 468 2161 aut
482 2114 615 2161 truncus
626 2093 745 2187 excipit
758 2144 770 2178 ‚
795 2097 829 2160 δι
844 2089 933 2160 soliis
946 2112 1060 2186 parat,
1081 2113 1146 2186 que
1159 2093 1296 2186 gemmis
1318 2094 1505 2167 nutriendis
1529 2097 1658 2168 eundem

290 2210 505 2284 expurgatum
519 2185 658 2255 tradunt.

342 2282 449 2352 Flores
469 2279 547 2351 vero
562 2303 717 2376 tanquam
740 2283 887 2376 quaedam
909 2278 1028 2352 viscera
1048 2279 1144 2352 succo
1163 2285 1375 2378 excoquendo
1399 2288 1438 2356 in
1465 2283 1659 2363 seminisaoe

290 2377 415 2450 studius
429 2373 520 2449 nsum
540 2377 687 2446 videntur
700 2399 776 2449 com
821 2381 892 2450 rati.
930 2381 1059 2447 Semina
1083 2380 1162 2448 verb
1184 2378 1271 2449 velut
1297 2405 1381 2469 ova,
1407 2404 1449 2454 ut
1480 2385 1655 2457 Aristotelea

292 2498 332 2544 ert
349 2472 544 2570 Empedocle
561 2471 694 2557 docuit,
711 2402 863 2553 censilrda
884 2471 955 2543 sunt
969 2499 978 2543 ι
994 2471 1071 2544 nihil
1089 2479 1175 2544 enim
1192 2498 1259 2545 tam
1279 2473 1380 2548 fimile
1395 2479 1445 2550 est
1475 2505 1547 2551 ovo
1568 2504 1654 2576 quatu

294 2567 402 2642 semen
423 2569 537 2668 planta
554 2595 562 2639 :
580 2571 614 2639 in
629 2590 768 2666 utroque
779 2593 912 2669 germen
924 2567 1027 2670 ipsum
1046 2592 1151 2669 partes
1174 2595 1286 2641 omncs
1301 2572 1392 2646 velut
1405 2574 1657 2649 involutam«

298 2688 392 2741 unet.

342 2768 462 2836 Succus
481 2764 664 2860 plantarum
682 2764 727 2833 cst
739 2763 870 2832 mistura
880 2765 1024 2859 quadam
1046 2786 1084 2833 ex
1103 2783 1193 2834 terrae
1210 2761 1371 2852 humore,
1387 2762 1524 2843 seminis
1540 2770 1660 2846 labe&

296 2858 400 2930 farina
413 2862 575 2947 conflata,
591 2883 662 2955 qux
675 2864 707 2930 in
726 2882 828 2956 partes
849 2855 1005 2929 sensibiles
1020 2857 1173 2953 paulatim
1188 2859 1374 2955 explicatur.
1396 2860 1658 2941 Plantammrira

295 2959 330 3027 in
343 2952 427 3028 succi
442 2960 576 3041 nutritii,
591 2980 659 3052 quo
672 2953 799 3026 utriculi
812 2976 867 3025 aut
879 2951 993 3024 sacculi
1005 2955 1223 3025 distenduntur
1233 3010 1244 3040 ,
1253 2961 1391 3027 omnino
1406 2955 1516 3054 posita
1530 2964 1659 3038 viduor:

292 3057 435 3124 accretio
454 3053 510 3144 fit,
534 3079 609 3122 cum
625 3051 685 3121 illae
699 3048 840 3120 vesicula
857 3075 911 3120 aut
925 3046 1040 3119 sacculi
1059 3051 1277 3146 producuntur
1291 3083 1300 3123 ι
1316 3056 1403 3123 unde
1428 3055 1583 3155 stirpium
1597 3085 1660 3132 m.

317 3150 463 3220 nitudod
478 3173 590 3222 natura
602 3149 645 3217 cst
666 3143 794 3218 definita
815 3174 824 3217 r
849 3171 924 3216 nam
946 3141 1062 3216 sacculi
1079 3143 1137 3242 ipsi
1156 3145 1454 3248 disrumpentut,fi
1475 3156 1561 3228 ulam
1581 3181 1658 3256 pez.

290 3170 425 3344 scriptos
437 3250 593 3316 terminos
609 3245 736 3315 distenti
754 3235 977 3313 intumescant.

342 3346 416 3416 IX.
455 3348 517 3414 His
534 3337 698 3440 pramiffis
724 3348 789 3430 jam
816 3344 861 3411 D.
886 3334 1292 3437 Tournefortdiligenrirls
1318 3346 1516 3431 examinat,
1535 3367 1576 3415 an
1598 3368 1657 3442 ge.

290 3461 369 3511 nera
385 3440 569 3538 plantarum
590 3437 740 3508 constitui
763 3457 912 3533 oporteat
927 3458 965 3503 cx
978 3455 1090 3503 mutua
1109 3440 1251 3530 quinque
1273 3432 1404 3505 illarum
1424 3446 1563 3535 panium
1583 3441 1660 3514 stm-

288 3535 383 3605 &ura
402 3537 564 3631 quadam,
580 3559 620 3602 an
633 3557 671 3602 ex
685 3555 748 3601 una
760 3529 902 3614 tamum,
917 3552 1019 3693 carpus
1034 3534 1233 3627 praecipua&
1243 3525 1356 3624 infigni
1370 3541 1476 3632 magis
1486 3558 1662 3626 3utrumex

291 3629 436 3729 pluribus
451 3636 536 3702 inter
548 3623 579 3700 se
592 3628 784 3711 conjunctis.
811 3629 862 3696 Ac
877 3628 973 3724 prinu
986 3651 1020 3696 m
1033 3649 1098 3695 non
1111 3625 1291 3696 omnesillae
1302 3649 1514 3721 partes,acne
1523 3657 1657 3730 qrutuor

292 3726 425 3820 quidem
441 3728 480 3796 ad
494 3723 713 3797 constituenda
728 3747 845 3823 genera
858 3716 941 3792 cons
958 3724 1040 3790 itant
1054 3747 1062 3792 ι
1082 3718 1159 3793 ctlm
1185 3746 1225 3791 ne
1238 3723 1305 3790 duae
1319 3725 1454 3817 quidem
1502 3727 1662 3800 lanearum

292 3822 410 3919 species
427 3828 461 3892 iu
481 3826 629 3892 omnium
643 3824 783 3917 partium
803 3745 954 3887 consenffi
969 3870 979 3899 ,
997 3815 1048 3885 vel
1062 3822 1094 3888 in
1133 3841 1247 3889 uatuot
1262 3872 1272 3903 ‚
1286 3841 1342 3887 aut
1354 3817 1458 3893 tribus
1468 3753 1566 3898 libani
1578 3821 1660 3897 surn-

294 3921 357 4014 ptis
369 3927 575 3990 conveniant.
610 3919 701 3988 Nam
715 3937 766 3986 tot
783 3913 850 3984 fere
866 3936 1006 4008 genera,
1025 3843 1235 4008 quotlpecies
1247 3918 1394 4010 ponenda
1407 3940 1508 3992 erunt
1522 3917 1573 4006 ,si
1590 3943 1659 3993 tan·

296 4033 330 4083 ta
343 4018 482 4105 partium
494 4016 645 4111 coguatio
658 4013 696 4082 ad
709 4015 835 4108 generis
852 4009 984 4098 alicuius
1005 4008 1268 4079 constitutionem
1281 4012 1479 4103 requiratur.
1504 4019 1564 4088 sse
1576 4040 1658 4116 qur

294 4111 371 4181 dam
396 4113 647 4181 ranunculorum
668 4103 785 4207 species
807 4106 926 4177 radices
950 4102 1070 4174 habent
1090 4100 1249 4175 tuberosae
1270 4098 1369 4198 ‚‘alie
1397 4105 1539 4184 librosaa
1561 4169 1575 4203 ‚
1599 4114 1657 4186 alra

320 4202 475 4279 rumosas.
506 4205 607 4302 Qod
621 4199 643 4271 fi
659 4226 763 4301 partes
781 4225 920 4298 quatuor
935 4200 976 4270 ad
997 4197 1211 4269 definiendum
1228 4205 1361 4299 generis.
1374 4203 1602 4282 characterem
1625 4230 1656 4278 ιε

293 4233 432 4390 gosem,
463 4299 806 4387 fructum,caudicem
829 4306 863 4369 δι
882 4296 1022 4369 radicem
1041 4297 1171 4393 exigas,
1194 4297 1313 4396 plantae
1337 4296 1509 4399 spetiem,
1532 4326 1657 4405 nonge-

295 4425 355 4475 nus
378 4398 599 4500 designabunt.

342 4504 387 4571 X.
415 4497 577 4568 Radicum
590 4505 831 4570 &truncorum
847 4488 1032 4564 differentia
1050 4491 1216 4589 pauciores
1235 4487 1307 4560 sunt
1329 4491 1437 4587 quiam
1451 4518 1652 4598 urgeam

292 4599 481 4666 varietatem
494 4595 659 4666 inducant.
686 4589 774 4661 Folia
795 4588 952 4689 plerisque
970 4591 1010 4659 ad
1035 4587 1119 4659 banc
1138 4610 1207 4656 rem
1230 4592 1334 4685 magis
1351 4589 1475 4662 idonea
1494 4600 1653 4669 viam:

295 4690 347 4760 sed
361 4690 415 4760 nbi
441 4687 538 4760 flores
559 4697 593 4762 dc
613 4688 734 4760 fruetus
748 4685 779 4757 se
804 4686 945 4786 produnt
963 4742 974 4772 ,
1006 4706 1098 4757 tanta
1126 4680 1319 4782 plerumque
1336 4688 1370 4756 iu
1392 4691 1432 4760 iis
1452 4714 1588 4794 apparu
1609 4692 1654 4761 d.

297 4786 426 4860 verstas
440 4807 477 4859 ut
495 4786 632 4888 planta,
657 4809 728 4886 quae
744 4783 789 4858 ob
811 4781 949 4858 fimilern
973 4781 1133 4877 solioum
1155 4776 1442 4860 moenimsmr
1470 4787 1653 4874 confiua'b
