3646 5430
366 393 700 475 ternanta.
769 393 1280 475 nrsronranmv.
1478 372 1565 496 ῃ
1645 458 1653 486 „

163 518 340 604 parentur,
354 493 425 570 fusi
445 522 486 569 to
502 498 579 568 loco
596 494 760 595 explicat:
788 497 807 567 ὲ
830 493 961 571 sadlitiis
987 521 1058 568 eam
1071 493 1132 566 else
1144 503 1304 594 optimam
1326 518 1438 598 putat,
1459 485 1669 600 quarsiyfif

166 598 446 763 preppglaupgriam
462 599 500 757 ¹in
508 598 609 760 gigo?
626 593 679 662 eui
694 590 960 757 npmendChaliot
972 590 1165 758 3bconficitu¹t
1178 600 1212 707 in
1227 596 1262 666 S.
1274 592 1436 708 clodovei
1445 604 1533 770 vitoe.
1549 617 1596 666 ca.

285 742 293 758 .
370 716 424 759 em
443 713 507 759 aru
562 712 606 758 crr
629 710 699 759 turn
731 709 798 758 ert
840 713 979 762 eernerr
1004 714 1039 760 us
1066 710 1226 775 caeruers,
1275 715 1307 760 ur
1358 713 1488 765 arantur

165 790 276 890 lapide
297 798 311 884 (
325 811 360 858 ur
374 791 385 856 i
410 777 435 853 fi
452 786 577 855 videtur
589 841 598 868 ‚
608 715 633 870 li
648 713 792 853 Armerio
805 811 820 857 a
833 808 909 854 eum
918 781 1023 881 ipsum
1033 785 1084 857 eff
1079 809 1098 855 e
1112 715 1273 880 opinatui³
1278 716 1377 882 quein
1391 793 1425 858 in
1436 815 1533 862 mon·

167 908 202 960 te
212 886 358 984 quodam
367 813 535 953 'litverniae
552 877 752 977 (Ulsonium
766 902 908 968 vocant,
923 883 943 968 )·
958 885 1092 954 invenit.
1128 882 1217 952 Cum
1225 905 1312 951 anno
1326 887 1404 956 1688
1412 907 1533 961 terram

168 1007 211 1056 eo
227 987 262 1052 in
273 978 350 1049 loco
363 979 403 1047 ad
420 1003 458 1048 aa
480 972 579 1071 usque
601 974 777 1074 hexapedas
792 970 892 1046 effodi
917 973 1042 1065 jussilset
1063 1033 1074 1064 ‚
1101 1004 1168 1049 200
1195 1000 1276 1072 pene
1293 976 1389 1048 libras
1407 978 1535 1077 lapillo·

170 1103 245 1150 rum
276 1072 408 1145 eoetulei
431 1070 550 1141 coloris
575 1078 608 1144 in
629 1094 724 1141 arena
747 1092 823 1139 eum
849 1069 984 1169 argilosa
1007 1093 1090 1143 terra
1116 1071 1278 1169 permistas
1300 1069 1440 1172 collegit·
1484 1082 1534 1150 l-li

169 1172 272 1272 lapilli
288 1169 419 1240 rotundi
442 1161 512 1238 sunt
533 1223 544 1254 ,
565 1165 783 1238 avellanarum
802 1168 1021 1262 magnitudine
1043 1223 1054 1254 ,
1083 1187 1195 1263 graves
1213 1168 1295 1238 adeo
1318 1189 1353 1238 ut
1378 1171 1535 1245 metallici

170 1270 370 1348 rideantur,
390 1259 535 1334 aesone
563 1263 665 1334 halitu
688 1260 831 1355 quodam
866 1264 884 1332 ὲ
910 1266 1002 1359 cupri
1026 1262 1136 1334 fodina
1152 1256 1318 1334 exhalante
1334 1261 1537 1343 iniciuntur.

170 1361 424 1439 Naminradiee
435 1363 554 1430 montis
572 1357 642 1428 sunt
654 1378 742 1426 venae
760 1357 1096 1454 calaminarialapidis.-
1124 1361 1212 1428 Cum
1227 1357 1352 1455 lapillos
1365 1367 1542 1455 contritos,f

170 1457 240 1533 vast
252 1480 343 1556 aquae
361 1455 457 1552 pleno
471 1452 638 1552 impositos
651 1453 707 1549 diu
716 1448 818 1522 ferrea
830 1449 952 1549 spatula
964 1450 1107 1551 agitasset
1121 1510 1132 1540 ,
1146 1451 1268 1552 spatula
1281 1476 1344 1548 qna
1360 1479 1448 1551 parte
1461 1483 1538 1530 ma-

169 1558 288 1628 teriam
303 1575 356 1624 tan
379 1548 472 1644 ebat,
486 1548 630 1620 dealbata
642 1546 705 1618 fuit
718 1603 729 1634 ‚
744 1544 1014 1644 quasametcurio·
1027 1545 1102 1621 anet
1120 1549 1202 1622 illita
1224 1604 1236 1636 ,
1259 1571 1330 1644 quae
1354 1574 1425 1648 pars
1445 1566 1546 1652 aqut

170 1576 401 1725 etatimmtri'a
420 1702 431 1733 ‚
451 1669 567 1740 cuprea
582 1641 646 1714 visa
666 1643 729 1716 esi..

230 1742 419 1817 Caeruleum
432 1737 689 1810 veroartificiale
707 1743 811 1835 parari
824 1739 903 1812 solet
916 1760 990 1806 curn
1006 1763 1068 1811 arna
1086 1762 1175 1840 parre
1188 1740 1307 1812 virrioli
1324 1741 1543 1828 ‚duabussul-

167 1839 288 1942 phuris
303 1845 336 1910 de
346 1835 445 1909 tribus
459 1838 627 1908 mercurii.¹
648 1833 709 1904 Sed
720 1834 773 1904 liic
784 1834 875 1905 color
889 1837 956 1904 rim
967 1838 1048 1932 ignis
1061 1863 1129 1908 non
1141 1835 1269 1908 sustinet
1280 1835 1324 1908 ob
1339 1837 1546 1938 impurasul‹

170 1934 303 2036 phura,
319 1958 391 2031 quae
403 1936 570 2003 materiam
584 1928 779 2001 metallicam
790 1935 855 2002 una
870 1929 977 2002 secum
993 1928 1175 2031 abripiunt·
1454 2013 1456 2015 .

220 2033 313 2102 idern
337 2029 446 2128 postea
465 2027 587 2097 costam
604 2029 638 2094 in
654 2024 820 2123 lapidicina
840 2023 958 2125 gypsea
977 2029 1142 2099 inventam
1161 2033 1195 2099 in
1220 2049 1332 2103 monte
1352 2032 1550 2132 Martyrum

171 2125 333 2201 exhibuit.
359 2129 403 2196 Ι).
422 2127 520 2219 Mery
538 2119 736 2192 existimabat
748 2116 839 2192 fuisse
856 2123 978 2192 coslam
996 2122 1180 2198 testudinis

182 2300 189 2306 ,
222 2227 270 2296 X.
304 2224 403 2294 Circa
414 2216 555 2290 calorem
573 2215 719 2314 &frigus
735 2221 781 2289 D.
799 2215 971 2311 llomberg
990 2240 1125 2289 exeunte
1149 2219 1256 2293 mense
1278 2222 1404 2319 Aprili,
1429 2235 1464 2301 δι
1488 2255 1548 2301 ω,

172 2319 291 2392 lidiore
304 2315 390 2387 calo
408 2338 525 2411 aquarn
544 2308 654 2383 salsam
678 2335 782 2407 ‚quae
794 2311 919 2406 hyemis
935 2333 1080 2409 tempore
1100 2318 1132 2383 in
1153 2317 1289 2411 glaciem
1312 2341 1551 2417 concreverat,

174 2413 325 2499 nondum
344 2408 482 2483 solutam
496 2411 618 2479 invenit
637 2411 738 2497 3duos
753 2431 887 2504 quoque
901 2431 995 2502 penes
1006 2403 1037 2477 se
1050 2408 1189 2504 liquores
1201 2409 1260 2480 else
1271 2417 1319 2482 ait
1327 2466 1339 2498 ,
1352 2412 1470 2514 eosque
1486 2447 1548 2494 ea‹

173 2506 263 2583 udos
280 2565 291 2596 ,
304 2510 362 2605 qui
374 2506 439 2577 uni
450 2503 591 2601 permisti
605 2502 766 2599 liquorem
777 2503 952 2573 admodum
969 2497 1285 2599 frigidumefficiune.

224 2610 297 2678 xl.
330 2601 473 2704 Qiaestio
492 2596 554 2668 fuit
569 2604 709 2697 agitata,
730 2622 771 2667 an
790 2599 896 2695 liquor
923 2597 1040 2693 aliquis
1062 2596 1131 2668 solo
1159 2624 1251 2672 motu
1275 2605 1446 2681 incalescat
1462 2615 1549 2684 citro

174 2702 461 2775 fermentationem
478 2752 488 2781 ,
506 2691 575 2764 aliis
587 2691 821 2765 affirmantibus
833 2749 843 2780 ‚
855 2693 945 2788 qudd
962 2690 1164 2790 sanguissola
1179 2703 1326 2770 motione
1342 2711 1441 2799 magis
1454 2713 1543 2778 inca-

175 2793 302 2879 lescat,
324 2790 507 2888 negantibus
530 2789 598 2859 aliis
614 2816 622 2860 ε
640 2812 738 2886 atque
752 2789 806 2859 illa
821 2794 933 2881 opinio
953 2787 1113 2860 nonnullis
1137 2787 1200 2861 visa
1216 2792 1263 2863 eff
1281 2792 1477 2892 probabilior
1500 2803 1553 2872 li·-

175 2913 320 2988 quorem
334 2884 508 2984 implicem
521 2940 532 2971 ,
545 2907 580 2954 ut
595 2910 713 2979 aquam
729 2941 739 2969 ,
753 2882 821 2955 soli·
833 2889 980 2958 motione
992 2892 1061 2953 non
1076 2884 1263 2959 incalescere
1291 2946 1302 2976 ,
1324 2917 1398 2963 cum
1419 2897 1481 2967 alia
1504 2896 1550 2970 fit

175 2990 265 3060 ratio
278 2985 412 3081 liquoris
420 2984 524 3146 l:niati
535 2978 739 3073 ,eujusmodi
756 2981 800 3051 est
822 2979 967 3077 sanguis,
992 2980 1089 3078 idque
1103 2985 1261 3080 imprimit
1277 3004 1351 3056 curn
1367 2985 1552 3091 sulpliureio

176 3080 321 3155 abundat
358 3083 418 3147 arti
444 3100 490 3149 us.

234 3181 269 3248 X
282 3181 297 3246 1
310 3104 357 3249 ΕΡ
377 3175 441 3242 Die
463 3199 499 3269 ις·
522 3170 721 3244 Novembris
740 3176 774 3241 in
791 3167 993 3269 primopoli
1013 3173 1153 3245 inducias
1181 3174 1345 3275 congressu
1372 3184 1426 3254 D.-
1446 3183 1485 3254 de
1510 3183 1550 3262 la·

176 3276 288 3360 Hire,
327 3290 461 3342 uarum
480 3269 555 3339 elset
570 3266 647 3339 accis
666 3274 853 3364 magnetica
879 3267 1081 3355 declinatio,
1109 3294 1225 3369 nempe
1249 3270 1303 3344 sex
1322 3277 1479 3372 graduum
1510 3312 1548 3379 35·

178 3372 263 3442 min.
278 3296 456 3437 arimonuic
484 3365 521 3434 ld
542 3387 674 3459 quoque
686 3364 822 3433 advertit
839 3384 909 3432 tum
930 3385 997 3433 tem
1022 3369 1085 3434 oris
1108 3391 1259 3464 magnam
1286 3374 1319 3440 in
1351 3372 1550 3447 B'aromeeroe

178 3465 404 3536 mutationem·
416 3457 560 3530 accidisse
580 3485 590 3530 a
608 3483 684 3528 nam
699 3460 782 3527 intra
795 3462 887 3558 unius
901 3458 962 3527 diei
979 3390 1114 3528 spacium
1138 3466 1179 3530 ad
1204 3476 1242 3537 ra
1262 3462 1361 3558 lineas
1380 3463 1545 3544 deseendjg

178 3558 397 3657 Bydtargyrus
419 3610 432 3641 ,
455 3579 530 3624 curn
545 3557 634 3624 venti
650 3551 763 3624 ilarent
784 3547 902 3625 aetitia.
945 3483 1149 3624 1isiem‘fere
1173 3557 1374 3646 temporibus
1396 3558 1548 3655 phialamt

178 3649 357 3726 exhiburta
384 3675 424 3721 ua
437 3652 568 3747 limpida
583 3647 769 3746 plenam,.in
783 3667 950 3742 quaerant
962 3646 1129 3742 compluta
1139 3650 1330 3722 animalcula
1341 3652 1448 3724 forma
1460 3682 1540 3730 can.

180 3754 323 3915 engerpgn
333 3676 493 3819 diifimili..
514 3750 595 3817 Hac
607 3743 759 3815 arborum
771 3740 851 3813 folia
862 3737 904 3813 sic
917 3742 1074 3832 exedunt,
1089 3739 1424 3843 ut'artificioquodarn
1442 3749 1551 3830 incisa

339 3865 372 3914 s..

184 3868 221 3918 ῃ
238 3864 430 4012 veiim
453 3943 489 4008 dc
514 3939 637 4033 origine
653 3934 737 4006 illius
763 3939 919 4035 pigmenti
944 3935 1034 4030 quod
1058 3933 1440 4035 cochenillamvoeanr,
1466 3971 1552 4023 cuna

179 4056 350 4137 ageretur,
365 4032 504 4127 quedam
522 4030 608 4101 illius
630 4055 728 4129 grana
742 4031 879 4129 protulit
899 4035 946 4108 D.
961 4027 1134 4133 Homberg
1147 4058 1274 4131 ,eaque
1290 4037 1551 4143 totundapquaffi

179 4132 323 4207 totidem
337 4130 470 4199 aurelias
489 4187 500 4216 ‚
520 4125 619 4199 rubeo
638 4126 767 4224 liquore
802 4127 892 4201 lena..

228 4229 315 4299 ΧΗ
327 4231 360 4296 1..
385 4228 436 4298 Da
454 4224 578 4298 Charas
606 4246 743 4322 granum
761 4152 895 4296 lsetmes
910 4248 1030 4321 5coram
1054 4221 1196 4300 exliibuit
1216 4230 1430 4328 &pulverem
1446 4288 1467 4321 ,-
1483 4239 1552 4331 qui

179 4321 359 4399 inficiendis
383 4319 462 4414 lania
486 4323 531 4392 est
550 4324 691 4419 optimus
716 4355 726 4411 3
746 4323 771 4389 is
793 4319 906 4417 plerrui
929 4322 1056 4393 videtur
1085 4328 1154 4395 ovis
1175 4379 1196 4411 ,.
1216 4352 1290 4423 que
1304 4333 1337 4398 in
1389 4326 1555 4423 apiironw

179 4415 321 4532 abeunta
358 4410 608 4489 Observationes
622 4412 690 4487 suas
707 4419 742 4486 in
753 4411 909 4509 ejusmodi
932 4442 1031 4515 grana
1042 4474 1065 4507 ,a
1081 4416 1142 4491 seu-
1155 4425 1190 4491 in
1211 4447 1349 4494 coccum
1366 4355 1554 4521 baplaleuna·

182 4515 325 4683 k'‘gislls.
359 4613 405 4683 132
426 4605 605 4707 Homberg‘
623 4605 785 4702 liquorem
803 4608 938 4683 orendo
965 4636 1034 4710 quo
1060 4617 1191 4686 vitrum*
1207 4611 1385 4685 dissolvitur
1402 4666 1420 4700 r
1436 4637 1553 4709 neque

179 4705 270 4780 aliud
287 4705 446 4802 quiddam
453 4703 497 4775 est
508 4726 623 4804 practer
633 4724 755 4799 aquam
769 4699 888 4776 fortem
907 4733 978 4803 quae
989 4713 1026 4788 in
1038 4715 1167 4786 vitrum
1176 4704 1267 4813 prirl'a
1289 4707 1426 4782 mudena
1450 4712 1551 4801 &lig

182 4823 295 4902 quaro
302 4797 441 4900 plumbo
450 4797 636 4876 uniuersam
650 4789 958 4877 vim-filamexerit.
991 4818 994 4823 ’
1246 4837 1251 4842 ·
