3646 5430
325 348 648 430 ACADEMIAE
683 357 1014 432 HISTORldj
1067 359 1143 434 [τι.
1164 359 1225 432 111.
1401 363 1461 447 287

136 472 185 521 urs
202 454 305 545 major
322 450 362 519 ad
382 456 518 562 Boream
534 510 545 540 ,
560 456 666 524 minor
682 454 722 521 ad
740 454 890 565 Austrum
911 453 1060 525 deflectu
1078 482 1086 526 r
1107 479 1205 551 atque
1227 452 1274 522 he
1294 447 1397 568 insule
1416 453 1458 525 ab
1475 441 1591 533 Assm

136 545 1460 742 {sss{Esisl⁰liissl0fllssl⁴;3l'sslll{snallsl‘llissiflsill
1474 563 1552 609 'm'

136 754 247 836 stupes
259 731 356 806 illisus
367 739 526 807 interdum
539 733 689 834 quasdam
709 735 814 808 secum
833 736 900 808 abti
925 745 971 825 it,
988 764 1096 834 eatque
1110 765 1165 835 per
1177 740 1327 835 angustos
1338 672 1461 811 candes

136 823 571 923 lsemutuosuntdisjunslae.
610 837 664 901 Sic
684 834 816 903 anslore
838 766 1001 904 Linscotio
1027 833 1222 921 Malabarice
1251 833 1356 907 insulae
1381 836 1461 908 olim

136 930 287 996 monenti
303 924 515 1013 coherentes,
527 933 560 998 vi
570 933 793 1026 currentium,
808 952 843 999 ur
857 951 976 999 vocant
987 984 998 1016 ‚
1009 924 1153 1026 sejunslae
1164 928 1314 1018 fuerunt,
1328 958 1365 1003 ac
1376 933 1461 1004 forte

136 1023 194 1093 liis
207 1026 312 1117 potuit
325 1026 376 1091 Ta
402 1021 521 1092 robaria
534 1020 633 1093 insula
647 1021 830 1098 coalescere.

150 1120 180 1190 X
192 1124 206 1189 1
219 1122 245 1189 1.
280 1050 539 1215 Planisphaetium
552 1120 666 1189 deinde
685 1143 725 1187 ex
747 1143 882 1215 argento
901 1118 1076 1190 conflatum
1098 1126 1170 1191 Rex
1194 1127 1246 1196 M.
1269 1129 1304 1196 B.
1326 1127 1460 1224 inspexit

136 1213 198 1285 uod
218 1215 265 1285 D.
281 1209 407 1284 Caffini
429 1211 509 1281 olim
537 1209 663 1306 jusserat
686 1211 867 1285 faciendum
889 1216 1042 1285 industrio
1059 1214 1172 1287 artifici
1202 1221 1247 1292 D.
1276 1220 1461 1293 Burrerfield

136 1306 247 1403 ruglo,
259 1332 325 1402 quo
338 1309 558 1379 Astronomici
577 1309 733 1379 calculi&
746 1314 947 1405 operationes
957 1315 1072 1400 majori
1088 1315 1280 1410 compendio
1301 1325 1335 1387 &
1353 1315 1461 1389 sacili·

136 1425 177 1474 tte
192 1399 317 1474 fierent.
338 1399 492 1473 Machina
505 1402 623 1501 triplici
637 1401 657 1472 s
673 1406 797 1473 stemari
812 1407 975 1476 Ptolemaei
993 1461 1003 1491 ,
1027 1406 1226 1502 Copernici,
1242 1418 1276 1479 δι
1291 1412 1460 1507 Tychonis

136 1497 305 1612 cplipando
318 1503 455 1664 inpane
468 1499 633 1609 posteriori
644 1429 687 1569 sc
698 1521 828 1609 aptatur
839 1558 850 1588 ‚
862 1525 896 1570 ut
908 1499 1016 1569 iisdem
1028 1498 1250 1603 phoenomenis
1267 1510 1461 1601 exponendis

136 1590 1461 1792 &¹1⁰3la‘sir‘l'lsls‘f·qui'2{{¹3¹lllsi‘jlsfislslsssssilfls

136 1785 266 1857 mdines
278 1787 300 1855 ὰ
313 1785 389 1855 Sole
408 1792 441 1856 δι
454 1807 537 1854 retra
553 1783 659 1870 visani,
684 1784 844 1854 distantias
869 1808 1001 1882 quoque
1022 1785 1043 1857 ὰ
1063 1807 1146 1854 terra
1166 1790 1334 1876 indicant,
1361 1794 1464 1888 idque·

136 1905 167 1952 te
190 1878 356 1977 tegulaein
381 1878 484 1978 plures
506 1902 608 1974 partes
623 1879 759 1966 divisa,
790 1888 879 1966 cuius
897 1875 987 1948 usum
1009 1877 1100 1948 simul
1123 1888 1156 1953 dr
1185 1887 1282 1953 trium
1300 1879 1455 1979 systema-

190 1992 390 2047 coneenturn
407 1972 613 2072 approbavit.
650 1977 739 2047 Cum
763 1974 917 2045 annulum
935 1971 1058 2044 vidisset
1078 1975 1342 2049 Astronomicum
1371 1991 1459 2065 cujus

136 2093 262 2144 auter
280 2071 326 2140 est
342 2075 435 2141 unius
450 2071 538 2166 pedis
553 2125 563 2154 ,
579 2074 701 2166 quique
718 2069 868 2140 horarum
882 2075 1005 2139 minuta
1020 2065 1113 2138 simul
1137 2080 1170 2143 δι
1186 2079 1342 2171 magnetis
1360 2077 1461 2148 decli·

136 2161 1107 2356 mennam
1128 2171 1460 2368 aaz

136 2359 275 2432 loneum.
353 2392 356 2397 ·
1054 2424 1058 2431 .

159 2458 288 2529 ΧΙΙΙ.
309 2459 357 2528 Ex
373 2447 539 2525 occasione
560 2454 752 2549 Magneticae
765 2453 985 2526 declinationis
1003 2475 1073 2548 quae
1087 2475 1143 2549 per
1161 2453 1297 2523 annulos
1318 2476 1384 2526 tam
1404 2456 1460 2528 sa-

137 2549 171 2622 le
191 2542 383 2639 innotescit,
405 2573 480 2623 tum
494 2547 531 2616 de
545 2552 582 2616 iis
595 2572 665 2642 quae
679 2550 825 2620 ‘Lutetiae
847 2557 881 2621 δι
896 2548 965 2618 aliis
985 2553 1018 2618 in
1044 2547 1124 2618 locis
1144 2543 1235 2616 fasta
1256 2545 1327 2619 sunt
1348 2548 1462 2620 obser-

136 2644 299 2721 trionibus
310 2649 390 2716 ciros
401 2644 485 2715 illius
506 2647 715 2714 variationem
727 2639 831 2714 sermo
845 2642 1013 2714 haberetur
1030 2700 1041 2731 ,
1061 2638 1211 2739 quasdam
1225 2646 1257 2713 in
1278 2643 1394 2743 Anglia
1408 2670 1460 2715 re·

136 2739 206 2811 olas
227 2745 312 2811 circa
335 2740 404 2813 illas
421 2739 617 2810 deviationes
644 2741 787 2810 inventas
809 2738 871 2810 elle
900 2742 975 2809 Rex
995 2743 1048 2814 M.
1079 2743 1116 2811 Β.
1139 2739 1305 2810 admonuit
1329 2791 1340 2821 ,
1360 2763 1461 2838 atquo

136 2834 337 2935 phemerides
354 2833 445 2925 hujus
464 2837 646 2903 variationis
657 2834 697 2902 ad
716 2836 905 2905 decennium
928 2828 1028 2927 usque
1053 2831 1144 2905 fuisse
1166 2828 1361 2932 descriptas,
1388 2861 1462 2932 quae

136 2955 185 3003 ιω
206 2927 481 3002 observationibus
504 2927 576 2997 satis
591 2950 664 3025 apte
680 2927 932 3000 consentiebant.
955 2933 1026 3000 Has
1041 2933 1154 3022 utique
1171 2924 1407 3001 observationes
1427 2935 1463 3003 in

136 3051 231 3123 tagam
245 3021 467 3119 hemisphaerio
487 3045 666 3108 excavato,
685 3025 773 3118 quod
784 3028 818 3092 in
832 3023 950 3121 palatio
961 3026 1070 3122 Regio
1091 3049 1124 3096 v.
1148 3025 1183 3090 V
1183 3026 1218 3091 V
1216 3021 1310 3103 ithai,
1327 3027 1371 3115 est
1389 3023 1474 3096 cola
1584 3039 1587 3044 ’

136 3146 281 3208 mmm,
304 3118 405 3191 fassas
425 3118 546 3202 fuisse,
569 3122 602 3186 in
625 3143 692 3213 quo
716 3113 938 3217 hemispherio
969 3141 1122 3219 regnante
1145 3117 1272 3210 Jacobo
1297 3126 1324 3198 1.
1362 3123 1462 3193 Linea

136 3216 292 3289 leridiana
321 3211 444 3285 summa
475 3238 549 3284 cura
576 3213 636 3283 fuit
655 3212 820 3297 delineata,
855 3216 937 3286 lllud
959 3236 1092 3312 quoquc
1115 3214 1246 3309 subjecit
1273 3272 1284 3303 ,
1317 3217 1382 3288 hoc
1404 3216 1474 3289 he·-

136 3309 290 3410 tisphaerio
313 3335 389 3381 cum
411 3309 554 3408 pendulis
577 3334 652 3379 com
676 3331 765 3378 arato
787 3309 934 3380 nonnihil
957 3309 1143 3382 discriminis
1163 3315 1246 3380 inter
1269 3311 1364 3383 horas
1390 3340 1460 3384 ma-

136 3412 226 3480 trinas
253 3417 289 3482 dt
317 3404 506 3504 vespertinas
541 3334 793 3474 animadversum
824 3400 914 3475 fuisse
944 3461 955 3492 ,
985 3408 1075 3502 quod
1111 3406 1354 3478 refractionibus
1389 3433 1460 3504 quae
1501 3478 1507 3488 ,

136 3528 205 3576 tane
227 3504 327 3603 paulo
355 3509 489 3591 majores
513 3496 571 3568 fint
599 3521 698 3590 quam
718 3495 777 3567 ves
793 3523 846 3569 ere
871 3557 882 3587 ‚
905 3497 1003 3569 tribui
1033 3499 1120 3597 posse
1138 3494 1307 3597 suspicatus
1331 3504 1376 3574 est
1413 3506 1460 3574 D.

136 3597 261 3677 affusus
283 3656 294 3685 ,
316 3601 373 3693 qui
395 3596 471 3665 illud
499 3590 657 3689 judicabat
675 3525 900 3663 difficillimum
917 3616 1017 3663 cerras
1039 3600 1252 3666 variationum
1269 3621 1339 3690 quae
1352 3603 1383 3667 in
1400 3622 1472 3668 acu·

136 3698 303 3792 sagiretica
326 3698 539 3786 contingunt,
565 3684 690 3784 regulas
712 3688 805 3758 statui
826 3685 950 3784 posse:
974 3713 1240 3786 tumptrmagna
1264 3691 1461 3789 inaequalitas

136 3786 242 3863 neruis
261 3787 424 3863 observata
442 3786 538 3856 suerit
566 3838 576 3867 ,
611 3807 648 3852 ac
679 3779 874 3949 lonppffimo.
893 3790 1047 3883 temporis
1073 3781 1175 3895 spatio
1194 3811 1273 3881 opus
1292 3783 1329 3856 stt
1357 3845 1367 3874 ,
1391 3794 1473 3886 quo.

136 3888 331 3958 ariationum
350 3884 434 3981 leges
451 3875 727 3978 comprobentur:
768 3902 829 3951 anc
844 3885 952 3952 tamen
974 3901 1095 3953 tentare
1122 3905 1208 3951 viam
1227 3879 1417 3956 laudandam
1429 3883 1473 3959 se·

136 3983 275 4055 *bitrati

165 4080 261 4153 Cum
275 4074 393 4146 multus
413 4100 450 4146 ea
463 4073 503 4144 de
518 4099 550 4145 re
568 4071 671 4143 sermo
686 4069 880 4161 haberetur,
900 4093 970 4143 tum
988 4075 1060 4142 Rex
1089 4077 1135 4144 D.
1160 4074 1295 4142 Neuton
1321 4083 1355 4147 dc
1378 4073 1461 4147 alio·

136 4202 208 4261 tm,
224 4176 282 4267 qui
302 4193 390 4242 terrae
412 4171 546 4268 figuram
559 4193 625 4238 non
641 4172 730 4238 omni
743 4192 882 4266 exparte
900 4171 1071 4238 rotundam
1081 4193 1118 4238 ex
1136 4172 1230 4236 variis
1245 4174 1330 4241 circa
1343 4165 1462 4239 Verso-

136 4297 195 4342 um
206 4271 431 4366 experimentis
444 4263 505 4336 effe
516 4261 696 4358 judicabant
708 4320 718 4350 ,
730 4268 917 4359 opinionem
932 4263 1047 4332 retulit·
1065 4269 1160 4335 Hanc
1171 4268 1283 4358 utique
1295 4270 1340 4337 D.
1355 4262 1469 4336 calu--

136 4374 139 4436 i
164 4389 207 4438 ex
229 4359 418 4457 quibusdam
443 4357 714 4430 observationibus
735 4365 818 4430 circa
837 4362 959 4461 Jovem
980 4357 1072 4430 fassis
1092 4384 1196 4430 ortam
1214 4358 1275 4427 esse
1296 4359 1464 4437 existimat.

136 4468 205 4534 [am
228 4459 323 4553 Jovis
353 4457 453 4529 discus
476 4479 542 4526 non
564 4457 675 4545 utique
698 4456 851 4526 rotundus
878 4455 1035 4524 interdum
1063 4457 1208 4550 apparuit
1236 4480 1244 4522 t
1272 4450 1322 4523 sed
1354 4476 1462 4524 tamen

136 4556 238 4630 mbrae
253 4551 374 4623 telluris
399 4578 469 4651 pars
487 4552 542 4622 illa
559 4571 628 4642 quae
646 4553 680 4615 in
700 4547 865 4645 eclipsibus
879 4554 1007 4620 Lunam
1027 4548 1178 4631 obducit,
1205 4571 1278 4617 cum
1299 4545 1335 4617 st
1357 4551 1462 4616 circu-

139 4658 209 4736 εἰς’,
237 4652 278 4720 id·
291 4646 358 4718 fere
371 4647 531 4747 persuadet
546 4666 634 4716 terrae
655 4637 771 4738 figuras
787 4645 978 4742 &sphaerica
1001 4669 1067 4715 non
1092 4642 1229 4712 multum
1259 4640 1376 4712 abesse.
1410 4646 1462 4714 Do

136 4748 235 4823 :ilntis
244 4742 346 4844 figura
354 4769 422 4819 non
431 4735 742 4846 perfecteSPhaenca
755 4742 971 4835 conjecturam
983 4752 1024 4811 ex'
1033 4734 1304 4814 observationibus
1315 4760 1392 4834 quas
1402 4741 1472 4815 viri·
