3646 5430
382 380 732 457 ACADEMIAE
779 384 1141 463 HISTORIA.'
1165 387 1263 466 ltu.
1284 385 1328 466 ll.
1488 415 1542 484 159

204 472 413 547 rutilamina
426 481 460 548 in
474 478 658 576 aequilibrio
697 478 782 552 osttae
797 486 869 582 post
882 484 1147 557 fulminationem
1164 511 1202 558 ea
1216 490 1333 560 decidit
1353 543 1364 574 ,
1384 511 1450 585 qua
1468 513 1542 587 par-
1560 479 1677 576 Physt-

205 572 405 739 angtanulum
419 578 490 644 auri
503 573 644 673 pofitum
657 507 786 666 gerat,
811 579 925 653 reliclo
938 576 985 653 sui
1007 582 1140 683 vestigio
1157 590 1191 657 er
1210 583 1413 684 impressione
1438 591 1472 658 in
1496 584 1541 658 la·
1558 601 1595 646 τι
1607 575 1675 660 057

260 724 285 747 ..
1570 701 1640 749 em.

225 767 291 872 ⁸lsl.
319 771 403 863 Qrae
415 766 456 836 ad
468 790 641 839 anatomen
653 766 827 870 spediurrt,
850 796 891 842 eo
911 798 1045 875 quoque
1062 801 1150 850 anno
1168 804 1234 850 non
1256 775 1391 877 segniter
1412 675 1582 852 fuerunts

206 848 321 962 diuisa,
344 870 392 939 D.
414 863 460 975 du
476 870 614 976 Verney·
628 869 820 941 Tractatum
844 863 935 940 suum
956 874 996 943 de
1015 873 1141 946 auditus
1159 899 1284 973 organo
1309 898 1380 945 tum
1409 896 1544 972 tempo-

207 967 240 1018 ¹¹S
254 957 448 1034 elucubravit
472 1014 483 1045 ,
517 966 553 1030 de
574 959 682 1059 aliqua
709 985 747 1032 er
774 988 863 1064 parte
897 967 987 1065 legit.
1032 975 1141 1060 Preter
1179 994 1282 1062 cpteta
1310 971 1341 1038 id
1369 972 1506 1041 advertit
1527 1025 1540 1059 ,
1611 1001 1615 1007 ·

158 1097 161 1101 ·
203 1058 327 1153 'ymprni
347 1059 522 1129 cavitatem
534 1063 622 1127 tenui
642 1058 829 1132 membrana
854 1058 997 1152 obduci,
1020 1089 1121 1161 quam
1136 1063 1207 1137 vasa
1223 1070 1327 1137 omnis
1349 1070 1473 1162 generis
1494 1070 1542 1135 ri-

196 1159 265 1258 guit
277 1190 288 1245 ·,
300 1157 334 1225 in
344 1149 503 1253 plerisque
517 1154 732 1224 animantibus
753 1161 872 1228 cavitas
885 1157 942 1228 illa
959 1160 1069 1259 ampla
1085 1162 1154 1250 est,
1183 1171 1218 1236 dc
1231 1158 1421 1261 apophyfim
1448 1157 1541 1231 Mas.

193 1245 315 1322 Μίδεω
332 1271 411 1361 peut
433 1271 537 1322 totam
557 1271 728 1347 occupat,
758 1255 792 1322 in
817 1250 884 1322 aliis
906 1259 1068 1353 angustior
1091 1263 1240 1356 exiguam
1260 1258 1344 1329 illius
1366 1253 1542 1354 apophysrs

206 1341 1070 1514 eumfffllsselnulliuuruu
1085 1358 1143 1450 u
1161 1380 1248 1453 tv
1260 1357 1408 1520 ulti

178 1517 317 1611 braium
331 1559 401 1632 tym
467 1496 658 1624 ‘’distendit,
670 1563 725 1611 aut
738 1538 858 1626 laxati,
883 1472 959 1610 cuth
972 1473 1338 1624 libicglibffidlse‘iiiti
1356 1473 1547 1616 iriomntiscnti:¹

174 1616 262 1738 luen
275 1633 379 1706 ntallei
398 1563 575 1733 saligitur,
597 1642 631 1704 δι
655 1639 688 1704 in
710 1636 845 1706 ductum
862 1641 919 1732 qui
938 1636 980 1707 ab
1008 1661 1084 1708 aure
1102 1642 1134 1707 in
1151 1643 1215 1710 oris
1229 1641 1533 1713 cavitatemtendit·

173 1725 310 1803 Viscera
330 1729 430 1803 instar
455 1732 539 1802 nivis
561 1728 633 1801 alba
645 1730 811 1820 exhibuit,
822 1732 905 1802 adeo
920 1755 956 1803 ut
971 1731 1042 1808 vasa
1055 1740 1187 1825 omnia,
1202 1760 1339 1835 quaeque
1352 1731 1424 1807 suut
1435 1738 1540 1834 magio

167 1812 390 1916 spectabilia,
407 1823 511 1898 oculis
521 1820 760 1922 subjicerentur.

178 2008 1526 2058 ᾪ--Ἣ-

608 2156 952 2250 cnrur
1025 2113 1118 2255 x11.

526 2377 584 2446 De
611 2369 699 2447 eliis
726 2363 1025 2476 obstinationibus
1051 2372 1211 2486 Pspsscis.

189 2573 216 2650 1.
233 2582 364 2751 DE
383 2576 495 2650 caloris
518 2584 553 2649 dc
574 2575 703 2674 frigoris
724 2600 836 2652 natura
847 2580 915 2653 suas
937 2579 1101 2685 proposuit
1124 2586 1323 2682 conjedluras
1338 2587 1386 2660 D.
1399 2581 1541 2674 Dodart,

341 2679 400 2770 qui
411 2677 505 2747 etiam
528 2671 763 2744 observationes
777 2675 953 2773 aliquotde
966 2676 1207 2775 transpiratione
1219 2680 1314 2776 legit,
1325 2704 1422 2779 atque
1433 2684 1466 2749 in
1476 2678 1542 2751 hoc

194 2793 381 2942 trbgumento
404 2775 463 2842 arti
483 2771 628 2842 medendi
652 2771 778 2868 perutili
793 2773 904 2871 postea
926 2770 1065 2847 versatus
1082 2777 1126 2846 est
1147 2803 1156 2846 ε
1181 2779 1296 2874 quade
1317 2805 1350 2851 re
1367 2777 1445 2850 aliis
1467 2774 1542 2874 plu-

191 2894 278 2946 rius.

224 2974 267 3039 11.
285 2973 424 3063 Ineunte
438 2989 526 3036 anno
540 2976 631 3052 1677.
646 2967 693 3037 D.
703 2965 745 3032 du
767 2962 849 3034 Clos
869 2961 1004 3039 frustum
1013 2972 1087 3065 agni
1101 2993 1166 3039 non
1177 2978 1318 3066 corrupti
1331 2971 1542 3064 lucidumap-

187 3060 314 3162 paruill'e
328 3067 430 3134 etiarn
443 3060 582 3132 candelae
593 3060 729 3132 a'ccensae
740 3058 873 3158 propitls
888 3064 1056 3133 admotum
1067 3065 1196 3135 teslatun
1210 3065 1267 3137 est.
1285 3071 1376 3138 Idem
1387 3065 1466 3136 olim
1478 3064 1541 3137 dsc

185 3158 390 3233 observatum
403 3160 615 3230 D.Mariotte
630 3154 855 3229 confirmavit:
875 3180 973 3256 atque
992 3158 1092 3230 ambo
1113 3165 1146 3229 in
1166 3184 1208 3230 eo
1233 3159 1457 3234 consenserunt
1475 3160 1540 3231 hoc

185 3255 290 3328 lumen
305 3259 427 3326 nonin
444 3278 540 3326 orme
556 3249 752 3339 musculoss,
772 3251 867 3324 sedin
883 3251 1069 3326 membrana
1080 3261 1232 3328 interiore
1250 3257 1403 3357 conspici.

229 3359 370 3424 Ineunte
387 3349 495 3450 Aprili
518 3345 657 3445 Phystcae
673 3345 907 3421 observationes
937 3351 959 3421 d
981 3356 1028 3424 1).
1050 3353 1173 3424 Richer
1193 3357 1227 3420 in
1253 3353 1408 3449 Cayenna
1434 3348 1543 3423 Insula

182 3451 273 3522 [κᾶε
288 3504 300 3535 ,
315 3451 353 3516 in
367 3445 524 3518 tabularia
548 3446 740 3516 Academica
762 3442 865 3515 relatae
881 3443 1037 3534 fuerunt,
1060 3473 1132 3543 quae
1155 3470 1256 3544 nuper
1279 3446 1350 3520 sunt
1372 3452 1407 3515 in
1432 3445 1553 3516 lucem·

180 3550 281 3618 editae.
318 3547 429 3615 Prima
457 3551 491 3615 de
520 3545 677 3640 praecipua
698 3542 739 3611 ad
765 3537 999 3635 longitudinem
1038 3541 1145 3610 enduli
1170 3563 1239 3634 quo
1260 3545 1382 3612 minuta
1406 3538 1543 3609 secunda

184 3636 574 3737 temporirdesrgnantur,
593 3643 741 3734 pertinet.
780 3631 862 3704 lllud
884 3640 972 3703 enim
990 3567 1121 3706 alatum
1147 3659 1185 3703 ex
1213 3635 1360 3728 praedicit
1385 3640 1542 3732 regione,

187 3746 223 3809 dt
242 3761 315 3807 cum
339 3733 485 3832 pendulis
498 3759 568 3830 quae
582 3738 617 3804 in
636 3734 812 3804 Academia
830 3728 1048 3817 adhibentur,
1076 3751 1298 3827 comparatum
1325 3726 1450 3801 brevius
1477 3755 1542 3801 una

187 3834 276 3902 linea
301 3840 334 3902 δι
359 3837 569 3901 &inventum
584 3830 628 3899 cll
644 3856 652 3901 :
671 3832 752 3900 adeo
774 3850 810 3898 ut
828 3826 1036 3922 horologium
1050 3831 1184 3898 Lutetiae
1197 3827 1416 3897 construdlum
1429 3831 1543 3904 ineam

185 3913 568 4024 regionem⁴translatum
592 3948 805 4022 unoquoque
827 3925 879 3994 dic
898 3923 1023 3993 duobus
1041 3923 1127 3993 horae
1148 3927 1278 3994 minutis
1296 3925 1414 3994 tardius
1424 3949 1543 3995 move·
1645 3947 1649 3955 ·

185 4046 293 4094 retur.
321 4027 398 4093 Hac
410 4014 592 4092 observatio
604 4022 643 4090 de
661 4047 726 4119 qua
739 4031 804 4114 jam
822 4019 963 4118 superius
976 4021 1099 4091 didbum
1111 4023 1155 4091 est
1164 4077 1176 4110 ,
1192 4017 1320 4118 singulis
1335 4017 1546 4091 hebdomadis

185 4120 307 4191 decem
323 4117 473 4189 mensium
485 4115 587 4214 spatio
606 4115 667 4191 suit
680 4122 825 4216 repetita.

241 4247 273 4289 2.
308 4220 390 4310 Quae
407 4221 493 4287 circa
507 4214 615 4284 aestum
633 4218 727 4286 maris
741 4219 942 4310 reciprocum
965 4219 1003 4285 iis
1022 4210 1149 4282 inlotis
1169 4209 1371 4296 observavit,
1387 4219 1451 4302 jam
1473 4205 1544 4282 sunt

188 4312 318 4387 inobit
331 4310 471 4410 exposita
484 4315 518 4379 in
537 4308 743 4403 Philosophia
755 4316 852 4381 veteri
867 4318 901 4383 de
917 4334 1004 4381 nova
1018 4332 1112 4380 tomo
1125 4337 1152 4402 5.
1166 4309 1320 4379 Traelattr
1347 4333 1381 4378 2.
1409 4313 1438 4374 ls
1463 4313 1542 4378 verb

190 4413 274 4482 ilaris
288 4405 490 4506 temporibus
503 4462 513 4493 ,
526 4431 562 4476 ut
575 4411 608 4477 in
631 4405 742 4476 Galliae
764 4401 925 4478 littoribus
943 4410 1075 4477 recurrit
1089 4409 1121 4474 in
1135 4401 1310 4474 noviluniis
1327 4411 1359 4473 dt
1387 4407 1419 4471 in
1442 4399 1546 4497 pleni-

190 4505 280 4577 luniis
297 4504 381 4576 liora
394 4509 434 4577 de
449 4501 580 4574 meridie
594 4506 698 4586 tertia,
712 4510 746 4573 de
762 4506 776 4565 .³
793 4557 805 4589 ,
823 4501 993 4600 aliquantb
1005 4498 1118 4574 cititls:
1132 4524 1208 4570 eum
1224 4496 1357 4598 propirls
1370 4499 1408 4568 ad
1421 4503 1543 4591 AEqua-

191 4624 292 4675 torem
303 4606 499 4685 accedimus,
509 4622 584 4670 cum
592 4599 679 4667 aestus
688 4580 938 4687 sunt⁴marirni,
951 4623 1022 4670 tum
1033 4623 1120 4669 mare
1130 4597 1170 4668 ad
1179 4593 1230 4666 sex
1243 4588 1343 4687 usque
1353 4595 1444 4690 pedes
1455 4597 1546 4660 intu-

192 4697 405 4792 mescit,quod
413 4724 454 4770 ex
468 4695 544 4794 palo
552 4717 642 4766 tetrae
651 4690 750 4764 infixo
805 4699 990 4794 rinte'grum
1002 4718 1124 4766 annum
1135 4692 1198 4768 fuit
1209 4687 1423 4761 observatum.
1444 4686 1547 4757 AEllur

194 4798 324 4871 mximi
338 4792 413 4870 sunt
425 4801 511 4869 circa
523 4790 739 4890 aquinoeeia,
780 4787 987 4899 ddiiicremb
1000 4792 1085 4867 ultra
1099 4785 1150 4895 ser
1160 4787 1279 4886 digitos
1289 4808 1357 4856 non
1371 4786 1525 4860 excurrit.¹
1544 4811 1555 4825 '·
