3646 5430
405 309 725 389 hennum
760 314 1091 395 HISTORIA.
1145 314 1303 405 [malli.
1489 341 1553 415 333,
1638 407 1641 416 ‚

222 405 354 481 Eodem
368 404 420 476 die
437 415 484 483 D.
501 410 540 479 de
555 410 585 483 la
600 418 683 484 Hire
701 409 957 486 observationem
970 414 1056 486 suam
1068 419 1153 485 circa
1168 418 1283 486 Martis
1295 422 1330 490 dc
1339 412 1436 514 Jovit
1455 437 1534 491 con·
1548 395 1641 471 Μ’·
1666 464 1671 475 ·

172 500 386 602 proniorem
400 528 465 601 que
476 503 584 578 mense
598 506 1239 609 Odlobricontigit,dscriptorecitavit.
1364 550 1375 573 ··
1546 489 1644 583 ihm·
1663 578 1681 610 ἡ.

229 603 300 671 Die
327 626 362 672 ιι
396 600 595 675 Novembris
618 608 656 676 P.
675 602 706 672 le
739 608 862 677 Comte
881 608 941 701 qui
953 604 1102 677 teeeme
1127 602 1249 679 Siuenli
1272 629 1373 704 tegno
1393 608 1550 692 advene,
1619 626 1622 631 ·

181 716 255 780 rat,
278 718 343 765 una
367 718 444 766 cum
467 703 504 770 P.
528 697 650 768 Floriot
668 701 701 769 in
726 700 936 771 Academiam
956 704 1056 774 uenit.
1083 701 1287 798 deprimunt
1304 697 1540 776 observationes

177 791 205 862 al
232 795 270 864 Ρ.
294 795 330 862 Ρ.
351 795 608 865 Societatis'tum
627 799 662 865 in
682 820 725 866 eo
746 817 871 889 regno,
889 813 960 867 tum
980 800 1013 866 in
1037 820 1074 868 ea
1097 799 1232 894 regione
1247 820 1322 894 quae
1351 798 1542 895 Pontichery

177 884 392 985 appellatur,
410 886 511 959 sistas
528 887 694 976 exhihuit,
724 917 759 964 2.
782 888 939 962 Chartam
957 895 1132 981 Tamaris,
1157 900 1247 985 cujus
1261 891 1443 991 exemplum
1463 894 1542 964 deli-

136 996 145 1012 ·
177 983 348 1054 tutandum
359 989 485 1057 curavit
500 991 547 1057 D.
560 983 726 1074 Cassinus,
744 1013 771 1073 ς.
795 989 915 1084 Stirpes
927 1011 1013 1058 raras
1033 995 1070 1058 dc
1091 995 1125 1058 in
1151 987 1256 1058 Gallia
1301 988 1372 1061 lane
1390 992 1541 1088 incogni-

176 1096 231 1149 tas
256 1076 488 1151 accuratissime
511 1079 710 1168 delineatae,
741 1107 816 1153 eum
833 1079 1015 1173 ‘multorum
1036 1074 1170 1179 piscium
1192 1013 1338 1156 iconihus
1367 1142 1378 1171 ‚
1401 1111 1425 1171 4
1453 1089 1541 1156 varia

177 1176 221 1267 P,
233 1177 271 1247 Ρ.
284 1176 454 1245 Societatis
468 1182 649 1264 itineraria,
665 1181 794 1277 imperii
817 1173 953 1247 Sinenlis
972 1178 1086 1249 statum
1107 1175 1296 1272 politicum,
1323 1181 1540 1278 religionem,

178 1290 308 1354 mores,
324 1269 504 1343 naturalem
521 1268 713 1360 historiam,
732 1296 869 1369 quaque
880 1270 920 1339 ad
936 1269 1030 1344 hrum
1044 1278 1211 1373 regionum
1226 1270 1369 1370 spesiant
1387 1331 1397 1361 ,
1415 1275 1541 1348 duobus

176 1359 402 1435 voluminibus
425 1364 562 1465 eleganti
588 1365 671 1462 llylo
690 1377 722 1443 δι
742 1367 878 1437 candido
895 1368 1081 1463 complexus
1097 1367 1153 1441 est.
1181 1372 1218 1439 ln
1245 1374 1282 1442 iis
1307 1368 1416 1455 libris,
1434 1372 1538 1442 admi·

179 1455 298 1530 rahilts
312 1456 498 1530 Christianae
513 1462 693 1557 Religionis
710 1458 907 1561 progrellus,
931 1462 1104 1561 propensus
1124 1467 1329 1563 Imperatoris
1352 1471 1386 1536 in
1412 1465 1540 1538 Catho-

178 1550 265 1626 litos
277 1556 414 1640 animus,
428 1555 588 1629 bonarum
599 1563 714 1629 artium
727 1558 884 1643 studium,
904 1564 938 1629 dt
957 1558 1021 1628 alia
1036 1556 1118 1631 bene
1143 1559 1244 1631 multa
1258 1567 1482 1633 continentur:
1499 1588 1540 1635 ex

178 1645 305 1816 {gibus
325 1645 420 1723 facile
439 1652 484 1722 est
505 1650 680 1750 intelligere
703 1653 910 1725 Academiam
929 1677 999 1722 non
1026 1677 1152 1725 tantum
1171 1651 1310 1725 scientiis
1334 1665 1369 1729 δι
1393 1655 1539 1745 artibus,

179 1746 1541 1941 12.&hhhiliis.hlssp'fflllljllll:thinallssssdl‘l0lilff

175 1936 290 2011 δὶαεω
300 1938 413 2008 decem
426 1940 572 2036 gradibus
584 1946 742 2032 majorem
751 1961 850 2033 quam
864 1960 972 2008 revera
982 1935 1040 2026 stt,
1053 1943 1088 2010 in
1099 1939 1259 2014 catabula
1275 1940 1436 2013 delineari.
1449 1872 1541 2013 huon·

175 2032 389 2134 girudines&
410 2035 589 2106 latitudines
608 2032 784 2103 multatum
806 2029 934 2102 urbium
955 2057 995 2104 ex
1010 2033 1243 2108 recentioribus
1267 2032 1541 2112 observationibus

205 2152 284 2201 nam
302 2132 341 2207 P.
356 2134 392 2205 P·
402 2126 530 2226 Jesuitae
544 2127 714 2213 miserant,
729 2126 836 2224 postea
853 2129 1183 2212 emendavit-ambo
1206 2138 1250 2205 D.
1267 2129 1414 2205 Callistus
1434 2140 1468 2205 dr
1489 2137 1538 2212 D.

216 2222 268 2393 ‘lg
284 2226 574 2392 ffloeellxistm
591 2219 719 2297 Sineose
736 2226 912 2320 Imperium
932 2225 1039 2299 multo
1061 2221 1122 2297 elle
1137 2226 1298 2327 angustius
1316 2225 1417 2326 qudm
1434 2225 1541 2327 uulgo

175 2343 217 2395 CI
269 2343 340 2394 tum
407 2376 418 2396 ο

232 2419 249 2487 1
265 2420 311 2491 X.
336 2423 382 2492 D.
407 2424 574 2514 varignon
591 2417 701 2490 diebus
717 2442 757 2505 30
773 2420 856 2488 Maii
873 2422 908 2489 de
935 2416 1060 2513 ejunii
1083 2426 1163 2505 169
1179 2443 1225 2507 a,
1252 2423 1428 2514 generatim
1441 2424 1535 2493 cunei

171 2516 362 2606 yiresjmta
376 2512 554 2610 quamlibet
566 2512 769 2612 hypothesim
784 2532 855 2583 tum
874 2508 982 2609 figura
995 2516 1087 2584 cunei
1107 2567 1118 2599 ,
1136 2535 1206 2582 tum
1228 2517 1326 2583 etiam
1350 2514 1534 2588 diredlionis

175 2607 295 2685 mallei
310 2613 343 2680 in
357 2632 494 2681 cuneum
506 2611 639 2710 impasti
659 2667 670 2698 ,
692 2607 930 2680 demonstravit.
954 2604 1076 2678 Relatis
1092 2610 1178 2677 enim
1192 2630 1332 2706 quatuor
1356 2605 1417 2678 hac
1437 2611 1477 2681 de
1500 2634 1535 2681 re

176 2700 455 2777 Mechanistarum
469 2701 650 2795 sententiis,
668 2728 808 2802 quorum
816 2702 871 2774 alii
883 2701 1023 2773 statuunt
1036 2706 1104 2772 vim
1117 2726 1180 2800 qua
1196 2709 1371 2801 percutitur
1389 2728 1535 2793 cuneus,

173 2797 308 2896 semper
319 2796 378 2872 elle
387 2803 427 2872 ad
438 2799 640 2873 refistentiam
654 2798 707 2872 seu
717 2801 757 2870 ad
773 2800 917 2896 corporis
929 2795 1066 2867 findendi
1080 2803 1285 2870 tenacitatem
1298 2822 1353 2883 ,ut
1365 2800 1533 2874 dimidium

171 2890 262 2965 batis
270 2899 362 2967 cunei
371 2894 506 2967 isoscelis
520 2897 560 2966 ad
572 2903 639 2985 ejus
655 2896 876 2981 altitudinem3
896 2889 950 2961 alii
961 2915 995 2962 ut
1004 2893 1048 2962 esi
1060 2888 1139 2962 bass
1148 2915 1216 2965 tota
1233 2895 1274 2966 ad
1292 2890 1375 2966 hanc
1387 2894 1534 2965 altitudi-

171 3012 277 3076 Μῦς
295 2991 349 3063 alii
365 3050 376 3082 ,
391 3016 427 3095 qt
440 2993 572 3062 dimidia
585 2989 664 3063 halis
677 2993 716 3064 ad
730 2989 829 3078 latus;
848 2986 904 3059 alii
912 2986 1062 3082 denique,
1074 3011 1110 3058 ut
1123 2988 1263 3059 minima
1277 2985 1387 3060 fillurae
1398 2988 1535 3062 latitudo
1675 3058 1678 3065 .

168 3085 216 3156 ed
226 3094 295 3179 ejus
308 3087 585 3182 profunditatem,
605 3113 704 3183 quam
719 3086 802 3156 ultra
820 3086 913 3154 cunei
923 3088 1028 3153 aciem
1040 3088 1175 3183 ponunt.
1210 3087 1296 3171 His,
1310 3089 1468 3182 inquam,
1483 3111 1534 3158 re·

172 3176 251 3251 latis
261 3182 303 3252 de
315 3205 419 3254 cuneo
432 3180 612 3270 sententiis,
627 3179 715 3253 suam
735 3179 868 3278 protulit
886 3184 929 3253 D.
941 3183 1131 3278 varignon,
1144 3185 1386 3277 generatimque
1396 3180 1536 3251 demon⁴

170 3270 313 3365 stravit,
330 3275 635 3376 tAEquipollentibue
648 3300 742 3343 cuneo
756 3275 796 3347 a·
809 3269 1113 3372 corporefindendo,
1130 3299 1195 3342 vam
1207 3296 1272 3368 qua
1284 3296 1418 3357 cuneus,
1440 3293 1478 3342 ut
1491 3277 1534 3341 li.

171 3364 252 3453 bet,
262 3376 459 3468 percutitur,
469 3373 594 3472 semper
607 3374 663 3464 effe
676 3369 722 3437 ad
733 3369 930 3459 refistentiam
935 3373 994 3460 seu
1003 3371 1206 3436 tenacitatem
1211 3367 1360 3460 findendi
1372 3373 1509 3467 corporis
1518 3426 1531 3452 ,

173 3462 216 3533 'tit
230 3471 416 3565 produtium
429 3494 469 3538 ex
475 3470 550 3564 finu
566 3470 659 3536 totali
670 3488 728 3564 per
729 3466 836 3558 finum
852 3456 963 3559 anguli
977 3487 1068 3557 quem
1074 3461 1237 3554 findentia
1251 3465 1354 3531 latera
1364 3467 1463 3542 cunei,
1471 3467 1531 3554 stu

168 3556 1554 3747 {lacunartnluitanaltlsnnnnaratri-‘nui“a·
1677 3661 1680 3667 ·

165 3680 458 3848 fiammahsihuuah
468 3677 714 3854 asgut'orumpad
728 3751 815 3819 cunei
828 3750 884 3818 vel
896 3749 1050 3844 trianguli
1062 3747 1144 3816 hunc
1161 3742 1336 3819 exhibentis
1352 3745 1449 3842 baſsan
1467 3674 1531 3848 pho.

163 3846 304 3941 fiturum
319 3885 325 3923 ;
339 3855 394 3920 vel
403 3865 417 3949 (
432 3853 455 3923 st
469 3859 570 3925 mavit
586 3857 598 3938 )
614 3869 651 3920 ut
683 3847 843 3919 roduiium
853 3867 893 3914 ex
899 3844 973 3936 stau
981 3845 1073 3911 totali
1078 3863 1138 3943 per
1147 3843 1240 3928 hujus
1251 3847 1406 3941 trianguli
1419 3844 1529 3939 bastin,

173 3940 421 4042 adpreduslum
433 3951 553 4043 exstnu
566 3869 681 4045 anguli
689 3939 859 4013 incidentia
870 3962 928 4039 per
936 3947 1085 4034 (umnam
1098 3957 1272 4008 ceterarum
1282 3936 1418 4032 ejusdem
1430 3945 1531 4008 trian.

198 4043 248 4109 uli
263 4044 407 4118 laterum.
435 4048 545 4145 Atque
560 4045 636 4116 hinc
648 4048 769 4115 eruitur
787 4037 865 4137 quid
877 4061 1014 4124 verum,
1042 4032 1195 4109 falsumve
1214 4031 1301 4109 sitin
1318 4038 1533 4138 superioribus

167 4061 455 4215 hlechanistatum
468 4141 639 4217 sententiis.

171 4238 177 4246 '
215 4237 306 4311 ldem
319 4238 370 4308 die
385 4243 486 4336 prima
503 4236 636 4336 Augusti
653 4249 728 4327 1693
746 4230 852 4332 plures
865 4227 988 4304 Galilaei
1003 4228 1235 4330 propositiones
1254 4232 1293 4304 de
1307 4237 1454 4331 gravium
1476 4255 1532 4326 pet

170 4331 330 4406 inclinata
350 4333 445 4433 plana
459 4330 629 4423 descensu,
657 4331 760 4432 planis
782 4331 941 4428 contiguis
964 4327 1222 4402 accommodatas
1242 4336 1275 4401 dt
1297 4321 1535 4402 universaliores

174 4424 268 4503 tecit.

718 4493 897 4650 'urm

1225 4844 1229 4849 -
1275 4795 1329 4866 'rt
1362 4797 1395 4890 iij
