3646 5430
158 457 223 532 Αιι
233 476 272 533 ιι.
287 394 418 535 sillone
431 362 679 534 contrahemus.³
696 358 961 554 {acduidemsall
973 357 1155 538 Instrlsadl,
1172 352 1399 538 lullslrll&
1421 446 1643 530 incredibilem

160 560 245 628 1681.
290 558 501 629 cometarum
521 555 542 625 a
564 577 647 625 terra
667 555 847 624 distantiam
868 551 1038 646 pertinent.
1075 549 1127 615 De
1144 568 1256 616 natura
1279 568 1392 616 eorum
1409 544 1555 642 superius
1572 553 1641 624 dic.

288 672 358 721 tum
374 653 428 725 est.
454 655 573 745 Neque
587 652 618 718 id
634 647 786 720 abhorret
808 644 829 713 ὲ
849 669 927 714 vero
950 642 1105 711 Cometes
1129 645 1212 710 inter
1236 664 1334 737 opera
1347 638 1389 710 ab
1414 644 1510 712 initio
1531 649 1642 718 mundi

288 747 441 834 condita,
460 748 508 815 uti
521 752 554 815 δι
572 741 716 817 Planetas
730 741 838 813 referri
850 761 1010 835 oportere.
1042 740 1116 807 Nec
1144 733 1231 805 forte
1260 758 1374 805 eorum
1404 759 1513 807 motus
1536 738 1641 813 minus

287 839 332 908 est
348 839 512 935 aequabilis
525 893 535 924 ,
550 838 651 934 quim
670 838 883 910 Planetarum.
904 831 1004 930 Qod
1023 834 1071 898 vir
1085 827 1199 935 clariss,
1213 827 1332 994 ppobat
1343 829 1568 904 recollatione
1582 834 1641 904 hu·

287 941 336 1025 jus
362 937 515 1006 Cometes
529 940 605 1002 cum
620 958 660 1002 eo
681 937 739 1028 qui
753 933 780 1002 ri
804 927 963 1024 Tychone
985 930 1072 995 atino
1092 949 1187 1021 ¹577
1249 928 1276 993 it
1299 922 1467 1020 diligenter
1491 924 1639 1001 observa·

288 1050 363 1115 rus.¹
378 1033 468 1100 Nam
491 1026 525 1099 hi
550 1028 616 1098 duo
638 1033 683 1099 ita
711 1032 792 1098 inter
817 1020 847 1093 se
864 1023 1059 1093 conveniunt
1081 1077 1092 1108 ,
1119 1042 1155 1090 ut
1173 1043 1252 1088 unus
1270 1027 1304 1090 δι
1320 1020 1406 1090 idern
1431 1045 1514 1118 pene
1533 1026 1639 1094 videe-

289 1143 353 1209 tur.
395 1124 492 1194 Unde
507 1148 573 1193 non
588 1120 748 1194 dubitavit
761 1126 806 1196 D,
820 1114 939 1188 Callrni
954 1113 1005 1183 die
1022 1121 1072 1184 28r
1088 1111 1275 1189 Decembris
1295 1106 1383 1185 sexto
1400 1115 1535 1212 postdie
1545 1142 1637 1214 qmrn

289 1220 422 1289 caudam
441 1216 535 1308 hujus
556 1220 695 1313 prirnum
719 1213 945 1312 conspexerat,
963 1215 996 1279 oc
1014 1212 1141 1304 postero
1162 1210 1212 1276 die
1233 1231 1302 1302 quo
1317 1219 1413 1305 caput
1426 1207 1457 1278 se
1467 1213 1636 1285 videndum

287 1312 463 1408 praebuerat
475 1369 486 1398 ,
497 1310 615 1409 scripto
636 1309 790 1407 publico,
805 1307 894 1404 quod
909 1308 993 1400 Regi
1009 1299 1276 1374 Christianiffimo
1287 1301 1402 1377 obtulit
1418 1361 1429 1391 ,
1447 1305 1480 1373 id
1492 1331 1634 1416 praenun-

288 1409 387 1492 tiare,
403 1405 520 1478 fureur
542 1406 596 1477 hic
616 1408 754 1476 Cometa
776 1402 818 1474 ab
834 1402 1035 1470 Astronomis
1048 1422 1123 1487 roto
1142 1395 1268 1492 hyemis
1290 1419 1438 1493 tempore
1463 1401 1636 1491 videretur,

287 1524 386 1596 atque
399 1506 481 1572 inter
494 1499 569 1571 fixas
583 1500 716 1570 eandem
730 1495 941 1591 descripturus
959 1492 1033 1563 ellct
1050 1498 1136 1562 viam
1163 1549 1173 1578 ‚
1199 1515 1298 1586 qnam
1315 1496 1456 1567 Cometa
1467 1499 1546 1567 anni
1567 1525 1636 1592 ¹577

288 1599 311 1668 ὲ
327 1594 486 1690 Tychone
507 1591 688 1666 observatus
702 1593 838 1665 infistere
852 1589 936 1661 visus
945 1591 989 1660 est
1002 1645 1013 1675 ,
1028 1583 1116 1685 quast
1135 1589 1221 1656 idem
1235 1581 1360 1684 prorsus
1373 1594 1430 1686 qui
1446 1591 1516 1687 post
1529 1616 1636 1664 eureu-

288 1688 545 1763 saremorilsrma
561 1687 659 1789 spatia
677 1693 794 1777 redux,
810 1696 843 1760 or
874 1708 962 1756 terrae
985 1687 1118 1782 propior
1141 1679 1241 1752 rursus
1264 1680 1310 1752 sui
1335 1688 1464 1783 copiam
1488 1683 1633 1761 faceret:

288 1787 377 1886 quod
391 1808 508 1857 eventu
520 1783 583 1857 fuir
596 1783 857 1883 comprobatum.

212 1901 218 1907 ·
330 1887 407 1957 111.
444 1879 513 1953 Ubi
537 1884 711 1979 primuma
734 1883 837 1978 paruit
864 1931 876 1964 ,
904 1873 1018 1946 eodem
1041 1898 1133 1947 motu
1146 1876 1291 1946 incedere
1304 1871 1383 1946 visus
1401 1875 1447 1948 est
1471 1902 1537 1974 quo
1562 1882 1635 1953 Co:

286 1999 373 2053 mera
392 1980 468 2047 anni
491 1999 569 2069 ¹577
593 1977 644 2046 die
661 1979 680 2048 8
696 1907 873 2072 vlirnuarii3
905 1997 930 2060 4
956 1974 1109 2046 nimirum
1137 1973 1251 2070 gradus
1279 1979 1313 2043 &
1348 1998 1396 2060 27
1426 1976 1549 2047 minuta
1569 1971 1632 2056 [ιιιἼ

285 2070 367 2169 gulis
380 2068 487 2140 diebus
503 2092 638 2165 uterque
657 2065 869 2165 percurrebat.
894 2066 983 2137 Cum
1006 2061 1168 2161 utriusque
1196 2067 1341 2136 Cometae
1359 2065 1583 2164 premeridoe
1601 2077 1634 2144 dt

286 2160 548 2237 observationum
563 2161 672 2255 tabulq
687 2160 893 2233 consuluntur
920 2217 932 2247 ,
956 2165 1010 2230 vix
1038 2165 1121 2230 inter
1146 2185 1259 2231 eorum
1277 2158 1401 2233 semitas
1430 2168 1465 2236 δι
1491 2186 1633 2237 motuum

287 2258 493 2331 velocitatem
518 2258 620 2329 ullum
641 2261 780 2329 occurrit
807 2253 1002 2342 discrimem
1034 2250 1089 2324 sub
1115 2253 1224 2326 iisdem
1245 2255 1337 2325 stellis
1364 2256 1465 2328 ambo
1495 2256 1634 2331 visisunt

286 2356 453 2442 incedere,
473 2351 582 2427 iisdem
596 2356 629 2423 in
642 2352 722 2423 locis
734 2351 916 2449 eclipticam
928 2346 1043 2435 secare,
1054 2374 1169 2447 nempe
1180 2354 1214 2420 in
1231 2377 1263 2418 ιι
1278 2354 1438 2447 Sagittarii
1455 2411 1467 2441 ,
1484 2363 1632 2453 &tequa-

285 2469 392 2519 torem
406 2452 439 2520 in
452 2448 554 2547 gradu
572 2475 633 2536 30⁰
653 2446 694 2518 ab
706 2450 800 2518 initio
814 2448 930 2516 Arietis
947 2500 958 2531 ,
978 2469 1144 2539 nunquam
1158 2441 1285 2537 Planerq
1299 2447 1367 2544 post
1378 2453 1530 2522 exodium
1541 2449 1629 2522 stm-

286 2540 356 2613 lum
370 2542 480 2616 iisdem
492 2548 526 2614 in
535 2543 614 2616 locis
628 2543 806 2616 zodiacum
819 2548 851 2613 δι
863 2563 1059 2634 aequatorenr
1070 2562 1136 2610 tarn
1150 2544 1275 2638 precisi
1288 2548 1463 2639 attingunt.

334 2643 393 2712 lV.
418 2639 505 2710 Cum
522 2643 660 2736 primurn
674 2638 727 2707 hic
741 2639 881 2708 Cometa
895 2629 977 2706 visus
988 2635 1031 2705 est
1047 2636 1186 2704 Londini
1198 2644 1231 2706 δι
1246 2637 1401 2726 Madriti,
1422 2639 1475 2710 die
1489 2641 1628 2716 videlicet

287 2761 331 2806 ιο
349 2734 551 2818 Decembris,
563 2756 670 2804 motus
681 2735 810 2801 diurnus
824 2730 886 2801 fuit
899 2727 1000 2800 ferrne
1013 2732 1150 2800 duorum
1162 2732 1316 2827 graduum
1332 2759 1341 2805 ε
1356 2733 1503 2808 nondum
1516 2743 1626 2837 quippe

283 2829 324 2896 ad
338 2832 511 2924 Perigaeurn
523 2824 613 2898 suurn
622 2849 822 2925 pervenerat,
830 2825 885 2896 ubi
899 2847 1005 2896 motus
1016 2833 1083 2917 eJus
1096 2823 1139 2893 m
1152 2823 1344 2902 celerrimus.
1367 2833 1432 2900 Die
1447 2833 1624 2928 4.Januarii

284 2928 311 2992 is
330 2944 437 2993 mortu
451 2920 513 2994 fuit
526 2951 551 3014 4
567 2923 655 3020 grad.
670 2945 743 2992 cum
756 2916 884 2995 semisse.
918 2920 1107 2990 Accelerato
1118 2928 1183 3016 ejus
1194 2943 1286 2990 motu
1300 2933 1405 3017 major
1418 2924 1571 3013 Cometa,
1591 2935 1623 3000 δε

285 3017 386 3088 cauda
399 3017 585 3114 prodiistior
597 3021 768 3116 apparuit,
787 3040 858 3110 quae
871 3017 922 3086 die
934 3041 974 3102 27
991 3011 1179 3087 Decembris
1193 3022 1235 3098 48
1250 3018 1363 3112 gradus
1384 3025 1418 3090 iu
1432 3020 1516 3092 ecelo
1533 3045 1624 3092 occu·

284 3109 404 3209 pabat,
419 3112 458 3181 ad
474 3127 517 3185 62
538 3110 636 3208 usque
648 3112 761 3207 gradus
776 3117 927 3181 excrevit.
948 3112 976 3180 A
1001 3112 1050 3180 die
1077 3111 1262 3205 4Januarii
1277 3109 1387 3184 senfim
1412 3123 1448 3188 δι
1470 3125 1623 3190 motus&

284 3205 389 3279 moles
404 3211 551 3280 Cometa
563 3228 729 3305 creperum
744 3201 945 3277 decresceret
962 3207 1095 3276 adeone
1113 3209 1164 3275 die
1187 3209 1221 3277 rr
1247 3210 1360 3277 Martii
1384 3212 1622 3283 motnsdiumus

283 3299 445 3373 vixfuerit
459 3327 499 3375 ro
512 3309 628 3373 minut.
656 3299 767 3382 Cauda
777 3297 889 3370 sensim
901 3302 994 3375 ιιιιᾶι
1013 3300 1076 3375 est:
1098 3325 1173 3371 cum
1194 3323 1301 3375 motus
1326 3301 1520 3376 increscebat
1541 3361 1553 3392 ,
1575 3303 1620 3376 ubi

284 3417 392 3468 motus
406 3398 450 3468 est
463 3398 659 3481 retardatus,
676 3395 777 3466 cauda
790 3417 922 3493 quoque
933 3395 977 3465 est
992 3399 1182 3484 imminuta,
1205 3417 1307 3492 eaque
1320 3397 1389 3468 Soli
1402 3425 1471 3471 non
1485 3400 1621 3477 ediredo

282 3514 351 3563 erat
364 3518 407 3589 op
431 3490 529 3569 ofita,
548 3489 645 3562 sedin
657 3514 768 3564 arcum
780 3488 925 3561 nonnihil
943 3511 1083 3571 curvata.

328 3593 371 3660 V.
423 3592 488 3658 irca
504 3587 588 3659 diem
612 3614 648 3680 4.
669 3585 811 3679 Januarii
825 3585 962 3656 Cometa
980 3584 1042 3656 fuit
1066 3607 1155 3656 rerrae
1173 3590 1334 3683 proximus
1359 3611 1369 3656 r
1398 3610 1474 3658 narn
1504 3595 1539 3662 dr
1560 3612 1620 3660 rna·

279 3692 331 3782 jot
348 3691 381 3755 &
394 3683 538 3753 velocior
551 3705 621 3753 tum
635 3680 706 3751 fuit.
733 3682 825 3753 Raro
840 3681 873 3749 id
885 3684 1043 3777 contingit
1057 3701 1091 3750 ut
1102 3681 1246 3751 Cometa
1259 3682 1422 3752 videantur
1429 3707 1506 3755 anre
1516 3690 1551 3757 dr
1560 3683 1618 3782 pull

283 3782 483 3873 Perigaenmr
502 3780 578 3849 nam
594 3777 687 3846 radiis
701 3774 865 3846 solaribus
880 3773 1071 3871 plerumque
1087 3773 1312 3873 opprimuntur
1320 3776 1425 3847 statim
1439 3781 1461 3847 a
1475 3782 1616 3876 Perigeo,

281 3871 334 3944 uel
348 3893 522 3968 antequam
537 3875 576 3941 ad
592 3868 670 3941 illud
684 3875 888 3963 perveniant:
910 3893 948 3939 ac
961 3869 1047 3941 forre
1058 3875 1091 3941 in
1106 3876 1142 3941 iis
1155 3893 1190 3941 ut
1204 3873 1235 3940 in
1256 3872 1392 3942 Planetis
1411 3877 1552 3970 Petigaea
1562 3896 1616 3943 nou

280 3964 354 4036 sunt
371 3960 522 4036 adeofixa
536 4023 547 4054 ,
563 3987 598 4036 ut
609 3963 719 4034 locum
734 3987 800 4032 non
812 3987 936 4038 mutent
952 3990 1048 4036 rnarn
1058 3964 1193 4039 Plauetae
1212 3961 1269 4063 ipsi
1284 3965 1383 4037 modo
1399 3965 1517 4056 cititls,
1528 3963 1614 4041 mods

281 4057 402 4132 tarditls
413 4060 453 4130 ad
463 4062 587 4132 easdem
598 4056 699 4130 stellas
711 4082 923 4136 revertuntur.

328 4163 388 4231 Vl·
412 4158 493 4228 Nec
509 4160 627 4229 mirum
644 4151 668 4225 fr
695 4153 835 4227 Cometa
846 4156 1247 4244 idemtidem‘revertatur‚
1264 4181 1324 4227 nec
1337 4158 1481 4229 videatur
1498 4179 1614 4233 unta:

279 4276 356 4329 narn
378 4254 477 4322 cauda
498 4251 542 4328 est
564 4249 714 4348 quiddam
729 4253 865 4322 omnino
877 4247 924 4321 illi
938 4253 1160 4324 adventitium.
1181 4253 1344 4322 interdum
1362 4249 1450 4322 nulla
1470 4255 1537 4339 est,
1552 4275 1614 4324 cour

280 4347 421 4421 Cometa
434 4351 572 4418 cernitur
586 4373 594 4419 ι
607 4343 684 4443 saepe
696 4368 762 4416 non
778 4346 902 4417 videtur
920 4349 1034 4442 ,quod
1053 4345 1121 4416 Soli
1141 4343 1179 4416 fit
1191 4351 1327 4416 vicinior
1338 4354 1371 4418 &
1384 4354 1451 4437 ejus
1464 4350 1558 4420 radiis
1565 4370 1615 4416 oc·

150 4472 154 4479 ·
279 4442 504 4529 culretut,aut
518 4444 672 4519 remotior
683 4465 721 4513 ac
732 4443 871 4512 tenuiori
891 4436 961 4521 luce
985 4437 1136 4538 perfusus.
1171 4444 1224 4514 Sic
1247 4445 1427 4511 Mercurius
1474 4442 1555 4514 lures
1570 4443 1614 4510 in·

277 4540 403 4609 terdum
422 4537 635 4613 revolutiones
658 4533 808 4621 conficit,
822 4559 881 4606 nec
895 4536 1020 4606 viderur
1036 4559 1154 4610 tamen.
1179 4540 1230 4606 De
1249 4533 1335 4605 stella
1347 4558 1418 4630 quae
1433 4469 1477 4607 eb
1497 4542 1531 4609 in
1555 4533 1615 4608 col-

278 4633 313 4708 lo
324 4636 421 4722 ceri,
439 4633 469 4704 id
481 4633 609 4730 liquet,
624 4654 695 4727 quae
712 4653 864 4727 per7aur
878 4638 894 4698 8
910 4626 1031 4703 menses
1045 4627 1173 4728 singulis
1184 4632 1273 4700 annis
1284 4629 1395 4701 oeulos
1470 4636 1504 4706 ἰ.
1525 4626 1614 4727 Quid

275 4724 351 4811 fisa
369 4727 457 4815 stella
467 4729 603 4811 caudam
615 4726 712 4809 instet
727 4727 874 4804 comere
891 4731 1063 4826 projiceret
1083 4779 1097 4815 ,
1121 4748 1194 4803 cani
1214 4747 1326 4805 tamen
1338 4747 1406 4799 uon
1425 4749 1446 4799 a
1463 4729 1468 4740 '
1535 4726 1617 4811 vides
