3646 5430
390 402 712 476 acrnrtrrr
747 403 1081 480 trisroart.
1135 405 1285 483 inv.
1464 437 1521 512 505
1567 371 1576 387 x

166 503 313 598 'Egypto
328 554 339 585 ,
354 507 454 569 autin
476 498 549 569 Asta
561 503 695 567 minore.
723 501 818 595 Qos
831 496 898 567 haee
908 499 972 570 lues
989 499 1101 572 invasit
1114 557 1125 586 ,
1136 500 1170 570 bi
1183 502 1414 575 nihilhominus
1428 500 1529 581 solent
1545 510 1643 576 Ana.

167 602 202 668 in
216 601 294 665 vicis
313 591 380 663 suas
402 620 449 663 res
459 620 552 690 agere
568 627 576 682 3
592 592 681 686 quod
696 590 716 661 sr
731 599 763 661 in
778 590 846 690 ipso
860 595 966 664 morbi
988 601 1082 666 initio
1098 593 1344 685 succurrerent,
1360 598 1529 675 &buboni
1545 621 1625 679 tom.

166 689 322 763 scarotica
338 689 560 760 adhiberentur
576 711 637 757 una
652 710 728 757 cum
741 692 909 788 emericis,
925 699 958 762 dr
974 693 1125 763 cardiacis
1138 698 1236 792 ,zgri
1256 699 1373 788 majori
1396 720 1532 796 exparte

166 786 366 860 sanarentur.
1671 844 1683 875 ,

224 891 349 954 Verum
373 901 409 949 ut
427 878 465 946 ad
486 879 668 975 Apborismi
685 879 883 953 intellrdlum
901 883 1088 969 redeamus,
1114 903 1308 981 preceptum
1328 908 1403 956 cnm
1424 883 1534 956 obser·

167 981 300 1050 vatione
312 978 350 1045 ad
365 976 462 1044 nnete
481 975 634 1048 confundi
650 1005 715 1049 non
729 977 844 1054 debet,
860 1001 965 1069 neque
982 977 1058 1046 binc
1081 980 1338 1051 concludendum
1357 983 1429 1051 rard
1456 1007 1535 1078 pur.

167 1073 312 1172 gaudum
326 1071 387 1142 eise
404 1076 436 1138 in
454 1070 643 1143 morborum
661 1079 780 1156 initiis,
795 1067 844 1142 sei
860 1077 966 1165 potius
979 1072 1010 1141 id
1024 1071 1104 1170 saepi
1121 1096 1175 1143 aut
1189 1079 1262 1145 rard
1279 1074 1482 1163 faciendum,
1501 1102 1538 1150 ut

124 1174 130 1191 ’
170 1165 336 1263 orgasmur
348 1167 497 1261 frequens
517 1167 560 1234 est
575 1225 584 1253 ,
600 1194 655 1240 aut
677 1194 763 1239 rarus
778 1173 810 1237 in
822 1170 859 1237 ed
872 1171 1023 1263 regione,
1046 1175 1077 1239 in
1094 1171 1157 1259 qud
1175 1169 1349 1245 versamur,
1376 1176 1412 1242 In
1431 1175 1541 1244 Gaura

168 1286 277 1335 autem
311 1262 419 1333 morbi
451 1259 585 1357 persepe
603 1290 678 1335 cum
695 1259 843 1361 orgasmo
869 1260 940 1332 sunt
962 1268 1149 1359 corrjurdli:
1168 1267 1250 1335 unde
1272 1264 1293 1335 fi
1320 1274 1541 1363 Hippocraten

167 1362 204 1432 in
226 1358 333 1429 Galliir
347 1353 529 1453 scripsisset,
543 1358 620 1428 illud
637 1358 742 1431 forsan
758 1355 940 1442 addidisset,
955 1365 1084 1430 materia
1099 1385 1206 1431 aurem
1228 1385 1262 1430 ut
1282 1363 1456 1457 plurimum
1471 1387 1539 1433 tur·

169 1478 225 1550 get
242 1510 251 1539 ,
287 1451 425 1550 orgasmi
439 1449 524 1539 sinna
540 1454 716 1548 aliquando
733 1453 849 1527 faliunt
869 1509 881 1540 ,
902 1455 985 1523 unde
1001 1459 1117 1554 magni
1134 1461 1281 1527 cautione
1297 1462 1450 1530 urendum
1470 1459 1514 1528 est¹
1525 1515 1543 1548 ,

170 1548 228 1618 ubi
243 1549 309 1619 haec
321 1552 439 1619 indicia
455 1530 526 1618 sunt
540 1549 705 1647 ambigua.

218 1652 250 1716 X
266 1653 349 1720 111.
376 1649 440 1715 Die
455 1674 488 1736 25
500 1645 594 1738 Junii
613 1652 655 1716 D.
676 1650 774 1742 Mery
797 1649 915 1717 vermis
928 1652 962 1717 in
980 1670 1054 1717 rene
1071 1650 1159 1716 canis
1171 1650 1292 1717 inventi
1306 1647 1447 1719 sormam
1473 1674 1544 1721 tra«
1608 1694 1615 1704 ι

172 1740 278 1810 didit:
300 1741 413 1836 longus
432 1763 499 1810 erat
514 1740 595 1808 duos
615 1742 707 1836 pedes
724 1766 799 1810 cum
811 1738 954 1826 semisse,
970 1774 995 1836 4
1009 1745 1163 1810 linearum
1174 1763 1240 1810 erat
1257 1751 1401 1837 corporis
1420 1748 1537 1816 diame-

173 1856 247 1922 ter,
262 1836 378 1933 triplici
390 1835 551 1905 foramine
565 1858 634 1904 erat
646 1836 868 1931 perforatum:
881 1843 1022 1935 primum
1043 1842 1075 1907 in
1088 1836 1228 1907 extremi
1250 1841 1361 1933 eapitis
1376 1863 1464 1932 parre
1475 1867 1542 1936 po‹

171 1928 270 2000 firum
289 1955 355 2002 erat
371 1936 518 1999 omnium
536 1935 713 2000 maximum
732 1987 741 2016 ,
761 1928 935 2003 secundum
953 1938 986 2004 in
1004 1937 1201 2005 extremitate
1214 1935 1338 2018 caudae,
1354 1936 1374 2002 d
1389 1959 1456 2031 quo
1472 1958 1543 2005 trr⁴

170 2029 257 2097 rium
270 2024 392 2097 duobus
405 2027 512 2123 digitis
527 2047 582 2093 aut
599 2029 723 2095 circiter
739 2026 885 2098 distabat.

225 2121 319 2193 Pellir
330 2146 396 2192 erat
410 2123 428 2190 ὲ
442 2119 564 2190 duobus
584 2118 737 2191 fibrarum
760 2123 860 2220 planis
880 2147 1027 2194 contexta
1041 2145 1201 2215 ,quorum
1218 2128 1353 2194 exterius
1367 2123 1458 2194 alteri
1468 2148 1539 2198 erat
1587 2142 1589 2146 ’

169 2213 407 2313 superpositum
424 2274 433 2301 ‚
451 2219 467 2286 ὲ
484 2215 613 2285 fibrisin
629 2212 742 2286 orbem
758 2217 912 2313 dispofitis
925 2256 934 2307 3
948 2225 1078 2290 interius
1094 2242 1171 2286 vero
1185 2220 1202 2287 ὲ
1214 2217 1300 2290 fibris
1317 2222 1450 2290 tediis&
1474 2248 1533 2317 pa-

170 2310 289 2384 rallelis
312 2311 486 2382 constabat.
516 2318 559 2381 Ex
575 2311 614 2380 ed
631 2309 721 2406 pellis
735 2315 888 2383 strudlural
901 2340 971 2407 qnae
984 2317 1022 2383 ad
1039 2335 1165 2381 motum
1180 2313 1424 2384 vermiculatam
1435 2322 1534 2413 perti.

168 2431 270 2495 nent,
285 2405 407 2479 facilius
424 2406 668 2504 intelliguntur:
688 2411 858 2479 eontraelis
872 2415 958 2479 enim
973 2408 1059 2478 fibris
1082 2408 1176 2476 raetis
1196 2409 1294 2477 cauda
1313 2406 1418 2477 versus
1440 2434 1539 2507 caput

168 2506 340 2577 adducitur
368 2560 378 2589 ,
411 2528 526 2596 corpus
560 2501 742 2573 intumescit
764 2560 774 2589 ,
797 2528 872 2572 mox
892 2507 1066 2574 cornacus
1089 2497 1176 2571 fibris
1193 2501 1399 2576 circularibus
1421 2530 1538 2600 eorpus

168 2599 392 2699 produdlum,
409 2609 444 2671 dc
459 2592 639 2671 antrorsum
662 2623 848 2694 promotum
866 2599 1066 2669 tantumdem
1085 2597 1175 2693 spatii
1195 2605 1349 2699 percurrit
1363 2594 1449 2668 fibris
1464 2624 1533 2668 rec.

169 2700 214 2767 tis
233 2697 383 2775 arctans,
402 2721 559 2789 quantum
573 2691 659 2761 fibris
675 2693 880 2763 circularibus
896 2696 1077 2767 contractis.
1118 2694 1223 2764 Color
1243 2718 1311 2764 erat
1324 2691 1536 2860 sanfuineur,
1583 2702 1587 2710 ’

170 2794 233 2886 qui
252 2786 396 2861 demerso
412 2797 444 2860 in
467 2814 585 2886 aquam
597 2794 750 2876 evanuit,
769 2795 813 2859 ita
834 2814 869 2860 ιιι
885 2791 975 2859 color
994 2790 1047 2859 ilie
1071 2789 1214 2876 rubeus,
1242 2813 1312 2884 quo
1328 2789 1377 2886 pel
1394 2795 1417 2857 is
1435 2793 1540 2860 tincta

169 2910 194 2955 a
220 2890 345 2982 patuit,
365 2912 403 2956 ex
425 2883 520 2981 ipsius
550 2887 631 2953 renis
651 2909 746 2953 carne
761 2881 849 2953 suam
860 2886 952 2954 ducat
964 2888 1133 2978 originem.
1170 2888 1265 2956 Unde
1278 2890 1408 2955 interior
1425 2882 1536 2980 super-

171 2910 264 3051 ἐξίει
279 3003 347 3050 rota
364 3005 429 3053 erar
446 2979 604 3076 glandulis
619 2976 870 3080 conspersa,quae
882 2981 943 3049 und
954 2982 1133 3074 conjunslae
1144 2979 1289 3055 colorem
1298 2980 1387 3077 pellis
1399 2985 1542 3049 omnino

172 3076 349 3147 candidum
365 3075 557 3173 praebebant.

227 3176 285 3259 He
303 3172 458 3267 glandula
474 3174 609 3263 rotunde
622 3197 711 3245 erant
724 3201 735 3246 ε
747 3171 898 3270 cujusque
911 3173 1067 3243 diameter
1080 3176 1171 3250 unius
1185 3171 1273 3244 lintre
1286 3166 1425 3258 semisse,
1438 3193 1536 3265 atque

169 3267 243 3341 alia
256 3271 333 3338 alias
347 3265 576 3364 contingebant
592 3307 601 3362 3
617 3269 660 3341 iic
672 3293 779 3341 tamen
794 3294 828 3340 ut
847 3264 1025 3340 transversat
1039 3265 1160 3337 fibrillae
1174 3266 1260 3365 quasi
1276 3268 1412 3339 totidem
1425 3264 1538 3354 tibure,

169 3364 227 3436 vel
247 3362 356 3434 annuli
379 3361 481 3460 plures
498 3364 664 3460 glandulas
677 3372 709 3434 in
724 3363 753 3433 se
766 3359 928 3435 conclusas
942 3360 1113 3457 baberent-4
1133 3371 1176 3435 Ex
1197 3364 1244 3432 hir
1269 3363 1355 3434 forte
1378 3361 1540 3458 glandulis

169 3457 325 3530 exsudans
342 3457 458 3527 humor
476 3460 592 3555 pellem
606 3461 686 3530 adeo
703 3458 815 3526 lavem
831 3458 1034 3530 &lubricam
1055 3454 1153 3527 efficit
1173 3515 1183 3543 ,
1211 3482 1271 3527 nec
1297 3480 1404 3526 tamen
1423 3479 1535 3525 excre-

169 3558 260 3629 toria
275 3552 467 3624 foraminula
489 3555 635 3651 detegere
659 3558 764 3651 potuit
781 3558 827 3625 D.
853 3557 982 3647 Mery,
1013 3555 1111 3620 etiam
1141 3547 1287 3622 adhibito
1308 3551 1544 3647 microscopio,

170 3655 303 3748 Aperto
323 3673 458 3745 corpore
480 3649 567 3746 peliis
582 3658 665 3719 intus
682 3673 797 3717 ravum
813 3648 979 3745 quodiam
992 3642 1119 3716 ‹fficere
1135 3645 1198 3717 visa
1212 3646 1255 3714 est
1271 3643 1441 3717 seeundum
1460 3670 1540 3714 cor-

201 3749 265 3816 otir
282 3744 516 3840 longitudinem
540 3747 746 3841 produdl'um.
769 3750 807 3814 In
823 3769 864 3816 eo
876 3764 967 3815 erant
981 3742 1046 3809 duo
1061 3741 1214 3812 canalese*
1234 3746 1345 3839 capitis
1361 3738 1533 3820 foramine,
1623 3734 1631 3747 ’

170 3773 230 3918 seu
244 3866 282 3910 ex
294 3865 350 3909 ote
363 3835 457 3934 ipsius
471 3844 586 3909 vermis
601 3841 726 3910 oriundi
741 3866 750 3911 ι
767 3838 884 3911 horum
902 3839 982 3909 alter
996 3842 1029 3908 in
1053 3861 1231 3908 extremum
1249 3837 1355 3907 caudae
1373 3833 1545 3924 foramen,
1595 3920 1599 3939 ¹

171 3938 256 4013 astet
270 3944 302 4005 in
316 3935 400 4004 aliud
421 3932 568 4006 foramen
584 3993 593 4022 ,
612 3934 665 4006 seu
677 3942 709 4003 in
730 3961 828 4006 anum
843 3932 1000 4005 definebat
1026 3989 1037 4018 ,
1057 3932 1134 4003 nulli
1160 3939 1241 4030 parti
1260 3933 1312 4003 bic
1335 3931 1533 4017 adhaerebat,

171 4031 237 4109 nisi
248 4030 323 4131 peili
341 4054 437 4126 penes
450 4033 516 4101 duo
528 4028 574 4100 sui
590 4056 749 4118 extrema,
768 4029 821 4099 ubi
838 4031 934 4100 lineas
949 4030 1048 4098 rrdlas
1063 4026 1232 4099 exhibebat
1249 4033 1306 4100 :in
1320 4029 1427 4099 medio
1441 4025 1486 4096 sui
1502 4033 1541 4096 in-

171 4134 318 4221 variosg
345 4147 476 4197 roserat
490 4150 678 4213 contortus,
697 4131 753 4220 qui
771 4149 877 4195 tamen
894 4125 979 4194 nulla
996 4121 1182 4193 membrana
1195 4146 1284 4194 etant
1299 4130 1380 4195 inter
1406 4119 1437 4191 se
1456 4148 1538 4192 con-

171 4231 248 4297 nexi
265 4283 275 4312 ,
291 4153 373 4293 adeo
389 4245 422 4291 ιιι
435 4221 488 4291 bic
501 4224 632 4317 quidem
652 4221 768 4292 canalis
781 4220 919 4292 intestini
935 4221 1011 4290 loco
1031 4216 1105 4290 esset
1118 4277 1129 4308 ,
1143 4220 1196 4290 sed
1216 4215 1393 4290 mesenterii
1412 4219 1545 4289 nullum*

172 4319 302 4394 extabat
318 4317 504 4479 vestisgium.
537 4321 638 4417 Qud
652 4344 721 4417 pars
733 4317 823 4407 buius
838 4316 1020 4386 inrestinalis
1035 4316 1271 4387 canalismedid
1290 4311 1419 4386 craslior
1435 4312 1510 4384 eilet
1527 4367 1543 4399 ,

171 4417 308 4488 ‘rdfone
329 4434 426 4482 cauae
449 4410 534 4499 suit,
574 4441 632 4486 cur
669 4419 878 4486 excrementis
896 4410 1058 4500 scateret,
1090 4437 1157 4484 non
1178 4416 1257 4482 item
1281 4431 1427 4481 extrema
1456 4410 1549 4481 ruina·
1580 4416 1583 4425 ’

176 4535 297 4610 partes.

227 4605 374 4676 Alterum
391 4603 524 4675 dudlum
536 4603 577 4676 ab
592 4631 648 4677 ore
661 4605 701 4676 ad
717 4626 896 4675 extremum
911 4597 1009 4700 usque
1020 4604 1128 4673 caudae
1147 4596 1334 4698 protensum
1350 4597 1550 4696 pulmonum

174 4705 266 4774 vices
280 4698 370 4773 obire
388 4700 547 4771 existimat
562 4707 608 4773 D.
622 4707 719 4798 Mety
739 4727 747 4773 ι
763 4704 878 4770 cinerei
893 4700 1009 4769 coloris
1032 4720 1098 4767 erat
1118 4755 1128 4785 ,
1154 4722 1217 4769 tres
1234 4698 1300 4768 fere
1322 4698 1418 4766 lineas
1438 4696 1520 4767 latur
1531 4752 1551 4784 ,‚

175 4801 277 4889 ratiis
285 4802 371 4896 rugis
382 4853 396 4892 ‚
409 4819 466 4872 aut
477 4793 613 4873 flexibus
625 4793 775 4897 crispatus
787 4828 805 4889 3·
814 4793 894 4894 pelli
904 4818 944 4866 ex
963 4794 1104 4892 utreque
1114 4816 1204 4896 parte
1223 4818 1278 4893 per
1291 4788 1421 4960 nigraes
1437 4794 1551 4866 adut·
