3646 5430
369 379 701 465 ACADEMIAE
769 370 1108 461 His-'roura
1132 383 1278 462 [salv.
1476 391 1533 480 389
1667 463 1675 492 ί

164 474 236 551 fiee
246 498 395 576 aptatum
411 479 521 569 fuisse,
533 485 602 578 quo
620 480 744 579 sanguis
755 479 939 553 faciliori&
951 478 1091 552 breviori
1104 486 1157 552 via
1170 487 1347 578 trajiciatur
1357 539 1369 571 ,
1379 483 1436 580 qui
1447 483 1531 555 alio-
1546 491 1647 559 Anas
1675 524 1683 555 .-

168 579 231 671 qui
249 600 316 645 non
331 572 540 667 satisvirium
559 574 708 665 baberet,
731 599 766 646 ut
784 599 823 644 ex
840 598 920 644 vena
945 575 1121 647 umbilicali
1146 603 1202 675 per
1224 602 1330 670 ramus
1346 604 1435 650 senae
1451 605 1528 678 por.
1543 603 1622 661 rom.

167 689 210 740 ut
231 667 352 769 hepatis
374 672 539 771 glandulas
561 729 573 764 ,
600 682 635 744 δι
664 669 815 770 dispersos
836 674 871 741 in
893 695 935 742 eo
957 669 1076 743 viscere
1098 672 1240 746 ramulos
1252 675 1292 743 ad
1309 699 1366 746 eor
1385 681 1531 774 perveni.

166 788 234 841 tet·
450 812 452 817 .

218 865 401 956 Interjeslis
423 867 548 962 aliquot
568 862 678 937 diebus
698 862 824 935 aliudd
850 859 882 935 se
906 861 1030 936 factum
1048 871 1302 964 experimentum
1321 863 1454 963 subjecit
1482 871 1531 944 D.

165 959 274 1058 Mery
284 1015 294 1044 ,
303 959 399 1125 lipara
412 967 566 1034 nimirum
579 963 661 1040 vend
674 960 775 1045 cavi,
791 968 825 1031 δι
839 983 929 1032 aorta
942 960 1085 1056 asperam
1096 967 1246 1033 arteriam
1263 961 1409 1061 perflavit
1419 1019 1430 1050 ,
1440 987 1531 1036 tum·

166 1078 238 1150 que
252 1060 306 1125 a'c'r
334 1053 414 1129 ubiit
428 1058 585 1129 auriculas
598 1058 715 1130 cordis.
738 1064 862 1127 Verum
873 1057 911 1125 de
922 1056 1100 1144 stt'ustura,
1118 1064 1152 1128 δι
1165 1055 1222 1126 usu
1235 1056 1339 1129 ovalis
1363 1056 1532 1130 foraminis

165 1149 1533 1348 dail-3iliirlt‘ssasslss‘tuitulli}dssl‘uussssfllsfillsslssaiillllll?

166 1341 211 1413 de
227 1367 293 1439 qua
312 1341 397 1415 forte
409 1345 475 1416 alio
493 1343 733 1419 locodicemus.

217 1443 330 1511 Paucis
347 1463 423 1512 ante
435 1439 546 1512 diebus
558 1439 673 1537 linguae
687 1438 829 1512 vitulina
851 1439 969 1538 pellem
994 1447 1039 1514 D·
1067 1441 1166 1538 Mery
1185 1436 1319 1536 subjecit
1339 1442 1467 1516 oculis:
1491 1467 1532 1516 ex

167 1536 318 1608 interiori
335 1539 539 1633 epidermatis
558 1531 721 1632 superficie
736 1535 825 1606 velut
842 1535 1025 1635 complures
1040 1535 1142 1605 aculei
1159 1536 1342 1638 assurgunt,
1358 1546 1415 1635 qui
1428 1565 1531 1612 mem·

166 1627 274 1722 branc
286 1632 459 1704 reticulatis
469 1630 603 1702 subeunt
611 1629 805 1702 foraminula
818 1689 829 1721 ,
843 1655 884 1702 eo
905 1628 1031 1731 prorsus
1044 1634 1169 1720 modo,
1186 1658 1254 1730 quo
1272 1634 1412 1735 cuspides
1436 1637 1455 1706 ὲ
1476 1634 1533 1725 su,

168 1724 306 1823 perficie
320 1731 462 1799 interiori
476 1727 566 1828 pellis
578 1728 789 1822 prodeuntes,
803 1726 936 1800 eandem
958 1723 1182 1801 membranam
1205 1753 1375 1825 penetrant
1398 1733 1533 1804 interio-

167 1845 253 1894 rem·
303 1828 467 1895 Genarum
506 1823 603 1894 ellem
628 1822 669 1894 ab
693 1821 788 1919 ipsius
814 1824 929 1920 linguae
943 1821 1025 1919 pelle
1046 1827 1183 1895 omnino
1207 1823 1362 1897 diversam
1385 1828 1532 1900 ostendit.

166 1918 216 1990 ua
233 1923 356 2018 quippe
371 1943 410 1988 ex
430 1852 602 2015 pelliculd‚
622 1927 656 1990 δι
677 1941 752 1989 vcra
770 1918 854 2013 pelle
872 1918 996 1990 videtur
1018 1916 1196 2016 composita
1221 1976 1233 2009 ,
1257 1925 1337 1992 cutis
1352 1919 1418 2019 ipsa
1443 1922 1532 1993 velut

166 2015 338 2087 cornicula
361 2014 567 2112 pyramidalis
591 2014 698 2110 figura:
713 2011 836 2110 profert
861 2071 872 2102 ,
902 2039 966 2108 que
982 2018 1065 2086 intra
1083 2012 1246 2110 pelliculas
1259 2012 1313 2086 seu
1328 2018 1530 2114 epidermatis

167 2130 271 2183 conos
284 2112 484 2207 excipiuntur
514 2138 522 2182 ι
544 2112 564 2176 e
591 2105 777 2180 membrana
797 2107 981 2207 glandulosa
996 2112 1122 2181 videtur
1142 2112 1289 2184 constare
1302 2115 1383 2184 cutis
1395 2145 1405 2200 3
1448 2112 1533 2183 lures

166 2225 210 2274 ex
222 2209 260 2279 iis
275 2205 440 2305 quandam
454 2205 678 2304 glandularum
698 2210 883 2303 congeriem
903 2203 1074 2285 efficiunt,
1094 2231 1165 2301 quae
1178 2212 1211 2278 in
1231 2208 1383 2307 papillam
1402 2140 1534 2287 aientis.
1634 2295 1639 2302 ι

171 2301 258 2374 Haec
269 2301 359 2403 pellis
375 2302 548 2374 corniculis
559 2324 692 2399 excepta
710 2305 744 2371 in
758 2326 832 2371 eam
847 2302 935 2373 ducit
955 2304 1143 2398 opinionem
1164 2327 1276 2397 parvas
1300 2303 1368 2377 illas
1384 2307 1533 2402 pyrami-

169 2391 227 2510 des
253 2404 287 2472 in
306 2401 458 2470 extremis
481 2394 544 2470 esse
557 2395 735 2498 perforatas
759 2454 772 2487 ,
799 2405 834 2468 δι
853 2395 974 2492 liquori
992 2420 1048 2494 per
1070 2396 1234 2495 glandulas
1252 2396 1373 2471 filtrato
1392 2396 1531 2497 praebere

168 2511 306 2572 artum.
732 2531 739 2540 ·

223 2594 315 2664 Cum
334 2590 442 2664 mense
458 2589 635 2664 Decembri
653 2591 691 2661 de
714 2589 881 2661 cataractis
910 2586 1080 2660 oculorum
1102 2645 1113 2677 ,
1141 2594 1175 2660 δι
1204 2612 1314 2659 earum
1332 2590 1531 2663 detraslione

165 2708 345 2784 egeretut,
363 2694 409 2763 D.
435 2689 610 2785 Homberg
632 2688 821 2757 structuram
841 2708 942 2771 acus,
963 2689 1027 2780 qud
1044 2690 1142 2758 tutius
1158 2684 1337 2757 avellantur
1360 2741 1371 2774 ,
1393 2692 1427 2758 in
1449 2711 1533 2758 con·

196 2780 279 2852 reslu
322 2785 439 2856 nodam
486 2780 657 2884 reposuit,
675 2804 813 2878 eamque
837 2806 948 2851 coram
973 2781 1127 2854 exhibuit.
1163 2787 1254 2854 Nam
1271 2807 1341 2876 quae
1366 2780 1469 2856 solent
1490 2783 1532 2856 ad
1559 2782 1562 2792 ’

166 2804 261 2950 {unc
280 2809 370 2954 nium
389 2812 558 2966 adbileri,
583 2877 765 2977 pelliculam
779 2902 849 2975 quae
866 2876 1020 2973 pupillam
1036 2877 1188 2964 obducit,
1201 2877 1370 2957 involvunt
1386 2881 1533 2976 quidem,

166 2979 207 3046 δι
224 2976 447 3073 complicitam
466 2980 649 3074 deprimunt
665 3001 673 3046 :
695 2969 748 3042 sed
762 3000 799 3044 ea
822 2970 969 3069 pellicula
981 2970 1059 3071 saepe
1074 2971 1145 3056 satis
1159 2974 1202 3044 est
1213 2972 1337 3060 valida,
1352 3000 1423 3073 quae
1435 2976 1531 3047 instat

166 3065 298 3144 clateris
312 3070 537 3145 seserestimat
548 3129 558 3157 ,
570 3080 604 3143 &
614 3096 711 3167 quem
721 3068 833 3142 habuit
845 3065 939 3140 suum
950 3065 1087 3142 resumat
1097 3126 1109 3159 ,
1121 3072 1202 3144 adeo
1215 3092 1251 3140 ut
1263 3072 1385 3143 necesse
1398 3068 1436 3145 srt
1448 3095 1530 3170 ope·

167 3169 325 3239 rariorem
340 3165 439 3266 ipsam
453 3168 627 3239 identidem
641 3189 794 3264 repetere.

223 3268 306 3364 Qso
319 3263 395 3335 huic
414 3264 626 3337 incommodo
639 3263 815 3334 remedium
828 3260 961 3359 aliquod
976 3257 1162 3340 adhibeatur
1184 3315 1195 3348 ,
1219 3283 1314 3343 acum
1335 3265 1532 3361 excogitavit

166 3356 314 3450 ejusdem
329 3361 557 3458 magnitudinis
578 3382 653 3427 cum
667 3362 703 3426 iis
718 3383 789 3452 quae
799 3364 832 3429 in
849 3359 935 3427 hunc
946 3352 1035 3426 usum
1050 3353 1151 3428 solent
1165 3354 1317 3431 adhiberi.
1344 3367 1426 3432 Haee
1441 3359 1533 3454 post.

168 3478 275 3552 quam
294 3453 389 3526 subiit
405 3454 536 3525 oculum
553 3511 565 3541 ,
586 3451 680 3522 facile
694 3456 872 3524 extenditur
886 3508 896 3536 ‚
910 3474 945 3519 ut
957 3452 1091 3548 stringat
1109 3449 1317 3546 pelliculam,
1339 3446 1539 3549 eamquesic‘

168 3549 346 3637 involvat,
368 3577 406 3623 ac
427 3551 588 3649 deprimat
601 3604 613 3637 ,
627 3570 661 3618 ut
679 3548 788 3618 reduci
801 3547 941 3647 amplius
953 3567 1019 3615 non
1032 3546 1138 3645 poffit.
1171 3552 1254 3618 Vide
1276 3552 1424 3647 Figuram
1446 3575 1472 3622 ι.
1496 3553 1533 3622 iu

168 3645 313 3719 fecunda
335 3645 462 3719 tabella.

222 3744 254 3814 A
269 3799 280 3830 ,
294 3745 346 3815 Est
364 3740 569 3813 manubrium
583 3738 734 3839 forcipis,
749 3737 801 3808 seu
813 3735 957 3807 volcellae
972 3792 983 3823 ,
1000 3733 1102 3834 vulgo
1113 3791 1123 3823 ,
1134 3735 1280 3833 pincerte.

179 3862 184 3891 ι
225 3841 273 3925 Β,
289 3840 340 3912 Est
352 3838 507 3929 alterejus
519 3836 659 3906 ramulus
675 3831 847 3908 manubrio
863 3830 1007 3906 insertus.
1264 3907 1268 3916 ‚

167 3968 196 4104 d
225 3933 288 4023 C,
326 3935 418 4008 Alter
446 3933 588 4005 ramulus
615 3937 650 4004 in
679 3931 822 4004 formam
851 3926 977 4001 clateris
1010 3929 1115 4002 versus
1149 3933 1291 4030 priorem
1326 3957 1453 4014 ramum
1479 3944 1534 4018 ins

196 4053 285 4106 exus.

178 4161 184 4168 ·
225 4135 285 4215 D,
302 4129 458 4203 Clavulus
473 4128 567 4202 instar
579 4126 738 4201 verticuli.

177 4256 185 4266 ·
224 4230 278 4313 E,
297 4228 350 4297 Est
368 4252 447 4324 apex
468 4224 625 4297 ramuli&
644 4229 796 4319 utrinque
815 4216 943 4292 secans:
959 4217 1034 4292 huic
1058 4221 1136 4293 inest
1160 4248 1256 4321 parva
1281 4227 1415 4303 incisura
1436 4285 1449 4320 ,
1468 4253 1534 4328 qua

172 4323 304 4397 alterius
317 4329 399 4392 rami
414 4347 493 4416 apex
508 4324 690 4418 excipitur,
704 4342 740 4391 ut
755 4318 880 4390 facilius
894 4312 1022 4386 volsella
1041 4315 1149 4389 subeat
1166 4322 1325 4400 oculum·

178 4448 184 4458 ·
221 4424 278 4490 Dc'
289 4423 384 4493 variis
400 4422 512 4488 aslum
526 4417 570 4484 est
583 4418 749 4486 remediis:
774 4418 857 4484 inter
871 4412 933 4483 alia
951 4417 996 4484 D.
1023 4414 1174 4502 Dodart,
1194 4442 1258 4514 qua
1287 4422 1410 4489 tatione
1434 4426 1539 4505 urinae

172 4510 386 4612 fuppreffioa
405 4509 598 4606 ·D.Joubert
614 4533 724 4580 curata
736 4508 857 4596 fuerit,
878 4533 938 4578 nos
953 4507 1082 4581 edocmt
1094 4535 1244 4680 :nempe
1268 4512 1366 4584 vesica
1388 4511 1480 4616 supra
1496 4527 1537 4595 os

1217 4633 1253 4678 or

171 4611 272 4784 ptpbis
284 4607 408 4707 pertusa
428 4609 500 4678 fuit.
538 4607 626 4674 Idem
640 4629 770 4715 qupque
785 4607 952 4677 admonuit
967 4603 1147 4680 arthriticus
1160 4607 1202 4676 do
1254 4633 1286 4681 es
1305 4608 1534 4686 lnonnemine

230 4732 300 4792 an,-
315 4729 442 4801 partem
461 4697 616 4773 affectam
636 4704 745 4770 unius
759 4698 968 4773 verberando.
992 4697 1131 4771 ldem'in
1146 4699 1300 4773 morfibus
1314 4720 1429 4777 canum
1445 4705 1535 4780 tabi-

144 4880 149 4889 ,
173 4807 350 4882 dommus
361 4802 548 4905 sanguinem
558 4800 697 4898 exprimi
705 4817 859 4898 oportere
870 4793 1035 4873 esuum
1042 4851 1056 4888 ,
1069 4819 1159 4895 aqua·
1167 4787 1253 4971 sals&
1253 4796 1399 4994 pcepfulpdr
1411 4800 1535 4907 sepius,
