3646 5430
410 369 756 448 naneMIAE
794 372 1235 455 immutescit.
1271 387 1317 455 V.
1475 388 1536 476 31⁶3

164 465 266 569 {nuti
280 466 422 542 formam
437 472 621 544 Calendarii
634 476 654 541 ὲ
668 478 713 546 D.
730 471 864 544 Caffino
877 471 1074 570 propositam
1093 532 1103 562 ,
1127 481 1159 547 in
1180 479 1244 571 qul
1262 476 1334 547 dies'
1347 475 1536 573 aquationis
1549 482 1664 574 Asia-1

171 596 262 646 2500
284 566 519 662 annisJulianis
532 568 726 655 tribuuntur,
735 567 944 660 plenilunium
962 570 1012 640 die
1026 573 1187 670 25llptilis
1198 575 1410 670 anniJuliani,
1432 574 1533 650 sihor.
1548 602 1632 647 nom.
1658 589 1663 599 ’

166 673 210 737 ὰ
233 665 285 734 die
306 667 423 752 5‘Maii
440 671 529 757 juxta
543 661 690 734 formam
708 669 943 760 Gregotianam
963 671 1079 737 accidit
1099 725 1110 754 ‚
1131 669 1263 738 duarum
1284 693 1409 740 tantum
1433 671 1533 741 liora.

161 785 248 843 'eum
262 757 430 828 discrimen
445 758 531 829 foret
543 763 625 829 inter
643 756 899 830 observationem
916 759 1120 831 &calculum
1137 789 1145 832 :
1160 765 1248 858 quod
1267 769 1299 834 in
1314 790 1346 834 re
1356 762 1532 837 chronolo-

166 861 247 953 gica
267 858 399 952 impune
415 854 586 951 negligitur
602 880 611 925 ε
628 881 703 925 nam
727 852 773 923 ibi
792 857 914 924 dierum
936 860 1165 928 tantummodd
1186 864 1384 954 integrorum
1398 860 1533 932 habetur

169 956 272 1023 ratio.
295 954 389 1043 Juxta
404 949 536 1019 alteram
552 948 740 1021 methodum
755 954 776 1019 a
798 957 842 1023 D.
859 948 991 1022 Caffino
1007 955 1041 1020 in
1055 954 1262 1026 Astronomid
1283 955 1387 1026 inditi
1405 953 1531 1056 expost-

171 1067 247 1118 1am
262 1044 394 1117 calculis
407 1042 557 1115 omnibus
576 1040 736 1115 subduslis
748 1044 914 1115 discrimen
928 1046 972 1114 est
982 1048 1169 1117 uniuslrorae
1179 1057 1237 1143 46.

221 1151 266 1216 V.
295 1141 405 1210 Altera
422 1139 504 1209 lunae
526 1137 647 1235 eclipsis
668 1141 718 1210 die
739 1169 776 1229 ²9
792 1138 949 1213 Octobris
964 1147 1120 1238 contigit,
1134 1146 1183 1217 sed
1195 1172 1258 1242 prae
1270 1144 1424 1216 nebuloso
1446 1148 1531 1220 roelo

175 1242 233 1308 vix
243 1234 301 1307 sub
316 1232 524 1333 conspectum
538 1240 651 1324 venit,
679 1259 739 1306 nec
768 1239 901 1306 Lutetiae
921 1262 979 1306 nee
994 1235 1061 1307 fere
1080 1245 1113 1308 in
1132 1264 1201 1312 tota
1222 1241 1338 1314 Gallu.
1377 1247 1422 1314 D.
1439 1244 1477 1313 de
1501 1245 1532 1321 la

172 1338 264 1405 Hire
276 1334 326 1405 die
342 1345 377 1403 16
399 1328 598 1404 Novembris
615 1330 707 1424 hujus
723 1336 921 1402 mentionem
932 1331 1009 1403 fecit
1030 1366 1040 1420 3
1072 1335 1190 1405 coelum
1203 1336 1340 1409 nubibus
1356 1338 1533 1410 obdustum

172 1428 291 1516 fuisse,
311 1428 452 1526 quandiu
462 1426 586 1495 duravit
597 1423 738 1524 eclipsis,
762 1423 908 1522 usquead
925 1425 1039 1496 horam
1056 1459 1074 1510 9
1091 1429 1168 1516 ,ubi
1192 1459 1247 1531 per
1273 1432 1380 1505 nubila
1406 1428 1470 1503 visa
1488 1436 1534 1505 est

172 1524 299 1624 eclipsis
314 1523 459 1595 nondum
478 1516 594 1590 desiisse
608 1577 618 1608 ,
632 1517 683 1593 sed
698 1547 753 1618 per
798 1546 868 1590 tum
879 1522 1009 1595 aberat:
1037 1550 1112 1597 nam
1130 1551 1308 1599 extremum
1327 1527 1418 1599 limbi
1438 1529 1534 1600 luna·

175 1625 221 1691 ris
235 1622 338 1691 adhuc
349 1614 482 1688 deficere
494 1612 597 1685 visum
607 1619 651 1687 est
667 1645 676 1689 ε
696 1615 747 1687 sed
784 1616 840 1686 ord
855 1646 898 1705 9,
914 1643 941 1713 ¹3
956 1618 1110 1722 {eclipsis
1123 1628 1259 1693 omnino
1272 1621 1413 1709 deflerat,
1429 1650 1533 1721 quan.

177 1738 252 1788 tum
264 1717 370 1786 videre
390 1717 494 1807 potuit
509 1735 566 1874 per
586 1712 751 1783 intervalla
764 1769 774 1798 ,
788 1711 862 1783 lund
873 1719 954 1784 inter
984 1713 1083 1786 nubes
1097 1715 1127 1787 se
1146 1720 1319 1815 prodeunte
1337 1777 1348 1807 ‚
1366 1718 1531 1811 hore9,11

181 1816 319 1881 omnino
335 1806 432 1880 desiit.
457 1811 507 1879 Ca
523 1805 597 1877 culo
607 1812 688 1878 inito
701 1833 738 1878 ex
749 1805 808 1878 suis
823 1808 936 1879 tabulis
949 1816 1075 1881 initium
1085 1810 1146 1882 else
1158 1823 1302 1910 oportuit
1322 1813 1394 1887 hor.
1413 1830 1432 1884 6
1446 1872 1456 1904 ,
1480 1821 1531 1901 28,

179 1934 228 1996 49
247 1933 256 1976 ε
276 1908 417 1975 medium
432 1903 512 1972 hori
525 1931 567 1989 7,
593 1934 651 1995 49,
665 1918 723 1990 26,
737 1902 807 1974 finis
819 1901 891 1977 hor.
909 1933 950 1992 9,
971 1934 1026 1994 ιο,
1047 1936 1086 1999 3,
1104 1910 1230 1979 duratio
1243 1912 1315 1984 hor.
1331 1939 1366 1995 2,
1385 1939 1450 2002 41,
1469 1941 1507 2002 ¹4
1518 1963 1534 1999 ,

174 2004 369 2098 magnitudo
390 1999 489 2095 ydig·
521 2011 569 2096 5⁶·
606 2004 650 2068 D·
670 1997 815 2072 cassinus
843 1998 936 2092 hujus
957 2001 1107 2099 eclipseos
1130 2009 1328 2077 mentionem
1350 2004 1427 2079 fecit
1448 2008 1498 2077 die
1519 2033 1532 2102 5

178 2098 322 2196 Aprilis:
337 2120 442 2190 neque
461 2100 547 2164 enim
565 2121 621 2193 pet
637 2101 741 2167 aerem
755 2092 891 2164 nubibus
909 2096 1085 2169 obdrretum
1099 2124 1172 2170 eam
1184 2098 1352 2172 observare
1364 2101 1476 2174 licuit:
1494 2128 1532 2173 ex

174 2199 217 2268 iis
230 2218 301 2288 quae
314 2193 409 2264 facta:
421 2189 492 2261 sunt
507 2211 581 2263 ante
595 2202 628 2266 &
642 2192 712 2287 post
729 2186 871 2287 eclipsim
885 2191 1157 2266 observationibus
1168 2220 1288 2291 ‚atque
1307 2221 1345 2266 ex
1366 2200 1435 2268 aliis
1450 2223 1534 2294 quas

175 2315 236 2387 pet
254 2290 402 2382 epistolas
417 2291 542 2383 accepit
556 2295 648 2378 variis
661 2290 694 2353 iu
713 2286 791 2356 locis
807 2289 947 2375 peractas
958 2291 1105 2384 expendit
1116 2316 1156 2360 an
1171 2295 1229 2361 tire
1241 2292 1401 2363 calculum
1414 2299 1532 2367 inierit.

175 2392 260 2484 Qae
275 2383 367 2454 faetae
389 2379 460 2451 sunt
484 2388 654 2453 Avenione·
671 2390 704 2452 δι
720 2377 864 2450 Mafflliae
884 2378 1139 2473 observationes,
1155 2390 1207 2453 vix
1224 2413 1290 2457 uno
1303 2392 1430 2459 minuto
1445 2387 1531 2459 dissi.

154 2486 256 2557 dent
269 2477 428 2550 *acalculo
451 2483 494 2552 D.
518 2476 649 2550 Cossini.
672 2475 765 2544 Filius
778 2482 843 2568 ejus
865 2478 1079 2549 Roterodami
1099 2477 1239 2575 eclipsim
1253 2478 1433 2555 observavit
1442 2488 1533 2554 unius

176 2580 270 2673 digiti
287 2573 383 2662 ,hon
397 2590 438 2660 6,
455 2581 512 2664 38,
529 2581 563 2664 58
581 2628 592 2658 ,
607 2572 704 2642 finem
725 2571 797 2644 hor.
817 2601 859 2660 9,
889 2598 926 2643 21
949 2630 960 2660 ‚
983 2601 1025 2667 24
1044 2590 1069 2644 ε·
1084 2580 1190 2648 Partes
1209 2581 1377 2647 Societatis
1397 2579 1532 2649 Madriti
1626 2640 1630 2649 .

177 2670 302 2749 umbra:
318 2677 445 2742 initium
467 2667 671 2739 observarunt
681 2667 755 2738 hot.
772 2677 803 2751 6,
819 2692 854 2753 4,
876 2692 908 2761 ις
925 2722 934 2746 ,
958 2669 1177 2756 finemumbre
1192 2669 1263 2745 hor.
1277 2678 1310 2762 8,
1323 2688 1380 2763 46,
1398 2700 1449 2766 52.
1475 2672 1532 2743 nl.

177 2766 260 2839 bani
270 2770 303 2837 in
313 2766 406 2838 ltalia
418 2764 526 2840 totalis
535 2760 668 2835 emersio
681 2762 751 2832 hot·
768 2790 788 2851 9
802 2818 812 2847 ,
824 2789 865 2858 5²
879 2762 1043 2836 observata
1056 2764 1129 2838 fuit.
1537 2778 1540 2785 '

583 3067 691 3175 c'A
718 3094 746 3173 Ρ
773 3053 881 3178 ur
973 3101 992 3180 1
1043 3104 1097 3186 v.

549 3278 601 3385 De
628 3300 803 3416 stellein
837 3306 923 3388 collo
949 3310 1017 3387 ceti
1032 3307 1161 3424 ppstrd,

171 3532 208 3600 1.
336 3520 475 3591 Adienus
487 3520 526 3588 de
539 3521 576 3588 iis
589 3511 681 3584 rebus
699 3514 930 3589 Astronomieis
941 3544 1011 3614 quae
1023 3519 1062 3588 ad
1074 3544 1267 3619 computum
1279 3520 1534 3616 ecclefiasticum,

226 3526 314 3697 H
335 3626 367 3690 δι
390 3619 429 3686 ad
449 3614 632 3687 Calendarii
647 3612 837 3706 Gregotiani
854 3611 1133 3686 confirmationem
1154 3624 1317 3716 permagni
1338 3616 1408 3687 sunt
1431 3618 1532 3708 ustls,

176 3744 270 3792 nunc
288 3739 443 3816 perpauca
456 3740 494 3783 ex
508 3716 545 3781 iis
558 3712 773 3802 attingemus,
790 3731 861 3804 quae
874 3735 967 3780 meta:
982 3735 1112 3781 contem
1137 3712 1263 3782 lationis
1274 3713 1372 3784 videri
1382 3711 1507 3811 possunt
1520 3771 1533 3802 ‚

178 3825 217 3890 &
257 3813 305 3882 lus
317 3808 428 3883 offerre
442 3807 521 3878 lueis
559 3803 635 3874 uim
648 3801 804 3876 utilitatis.
843 3811 950 3900 Hujus
968 3815 1089 3904 generis
1110 3739 1180 3878 llrnt
1195 3809 1428 3881 observationes
1448 3814 1534 3882 cirea

177 3843 304 3985 stellam
318 3914 349 3978 in
363 3907 450 3978 collo
465 3831 654 3985 cetilaetae,
675 3901 740 3992 qul
759 3902 798 3971 de
814 3925 848 3973 re
868 3908 912 3978 D.
934 3901 1080 3980 Caffinus
1100 3903 1352 3983 dissertationem
1374 3904 1452 4002 legit
1476 3900 1533 3977 sub

177 4011 312 4079 initium
332 4005 424 4093 huius
446 4004 532 4073 anni.

235 4107 302 4176 Die
317 4129 343 4187 ις
357 4099 501 4193 Jrnuatii
515 4120 600 4165 nova
615 4090 670 4163 illa
684 4091 769 4165 stella
780 4097 842 4164 ceti
854 4093 995 4190 primum
1007 4098 1039 4164 in
1055 4093 1262 4194 conspedlum
1277 4101 1383 4185 venit,
1397 4121 1460 4193 quq
1474 4121 1534 4168 nec

175 4222 255 4275 toto
269 4196 374 4269 mense
397 4190 595 4277 Decembri,
618 4214 678 4260 nec
695 4192 985 4287 ineunteJanuatio
999 4185 1045 4261 sui
1064 4199 1193 4285 copiam
1210 4191 1465 4279 fecerat‚tamets
1483 4191 1532 4262 se.

178 4321 263 4369 reno
278 4292 364 4366 cralo
378 4287 505 4388 quaefita
518 4286 592 4358 eller
609 4284 789 4385 diligenter,
817 4290 880 4358 Die
902 4314 929 4378 ¹3
942 4290 1086 4386 januarii
1105 4288 1206 4360 stellas
1227 4294 1310 4361 tertii
1330 4289 1449 4358 ordinis
1467 4296 1533 4378 jam

177 4415 310 4490 equare
338 4389 402 4459 visa
420 4386 486 4470 est,
504 4383 651 4480 adquam
664 4383 917 4486 magnitudinem
931 4389 1097 4483 pervenire
1110 4410 1177 4456 non
1189 4381 1356 4474 solet‚nifi
1370 4379 1536 4453 inferiores

180 4490 298 4587 gradus
316 4485 390 4557 anti
403 4483 586 4553 decurrerit.
742 4572 744 4577 Ι

230 4586 307 4680 Jm
331 4605 404 4651 ante
430 4599 530 4648 anuos
549 4597 678 4645 centum
701 4580 722 4643 d
744 4573 869 4646 Davide
891 4572 1037 4665 Fabricio
1062 4579 1201 4672 primum
1222 4575 1285 4650 visa
1305 4580 1407 4648 suerat
1434 4599 1466 4659 ¹3
1483 4573 1534 4644 die

183 4681 322 4765 Augusti
334 4676 417 4773 stylo
435 4694 523 4744 novo
534 4726 545 4758 ,
565 4665 658 4739 situm
678 4669 763 4743 illius
778 4675 810 4738 in
827 4695 864 4764 ²5
882 4674 981 4769 gradu
1005 4700 1048 4765 45
1075 4678 1189 4744 Arietis
1206 4674 1379 4745 collocavit
1401 4726 1412 4756 ,
1432 4669 1536 4740 laritu.

177 4763 295 4863 emim
306 4771 474 4883 apstgplem
489 4789 519 4877 ι)
533 4790 585 4875 gr..
597 4764 1189 4879 54ll³5ulbq9555h13113uuceldtm
1205 4772 1321 4887 perstat
1334 4771 1402 4860 ,uti
1412 4773 1446 4845 δι
1456 4764 1554 4863 fixe·
