3646 5430
407 355 462 452 is'
730 358 926 438 uicus
973 357 1443 435 sciruiriiuuur

275 480 390 558 hu,
407 465 530 566 lapsum
564 463 692 540 faciiius
714 467 823 537 vincet
846 484 920 530 eam
949 463 1031 530 a'e'ris
1069 453 1276 529 resistentiam
1307 483 1372 557 qua
1400 455 1548 530 divisoni
1578 477 1658 532 taur·
1679 454 1795 539 eeiotfi

298 599 313 646 6
366 633 374 652 ,
409 565 525 639 obstat.

279 602 293 651 ι
318 608 361 673 ⁷0
457 662 546 733 Cum
567 658 705 760 globum
733 653 925 755 plumbeum
947 679 1011 725 una
1036 676 1112 724 cuin
1142 649 1252 744 ligneo
1273 650 1424 748 ejusdem·
1444 653 1619 726 uoluminis
1651 677 1694 725 ex
1721 679 1793 729 eu

406 766 482 834 dem
505 758 675 831 altitudine
703 781 764 841 147
794 753 914 853 pedum
933 745 1102 822 demisisset
1127 804 1136 828 ‚
1160 734 1254 821 fimus
1284 759 1320 823 δε
1338 749 1455 821 eodeni
1481 772 1629 848 ternpore
1647 751 1793 824 decide«

406 859 508 944 bant,
527 863 560 928 dt
583 853 742 925 laminam
760 874 876 921 aeream
898 873 966 920 uno
997 846 1080 945 pene
1104 853 1137 917 dc
1159 847 1275 918 eodem
1302 848 1371 917 isiu
1398 846 1650 944 percutiebant,
1682 849 1801 947 idquu⁴

408 951 519 1051 saepius
538 954 712 1048 repetitum
730 946 795 1019 suit
812 951 846 1017 in
871 948 947 1015 navi
973 946 1104 1036 majoris
1132 940 1279 1014 Ecolefiae
1295 939 1539 1020 Bellovacensis.
1562 945 1665 1016 Unde
1693 954 1727 1017 δι
1745 951 1795 1020 im

409 1045 622 1122 a'c'reduoiili
665 1044 733 1115 lobi
759 1045 929 1116 dicione
977 1037 1049 1111 ofiti
1076 1037 1312 1129 cernebantur,
1334 1036 1390 1109 sub
1414 1043 1543 1110 initium
1568 1044 1681 1114 mortis
1709 1066 1796 1114 mio»

410 1169 466 1221 aut
478 1143 581 1217 altero
596 1071 715 1242 posiice
728 1147 810 1212 inter
830 1067 861 1210 se
881 1067 1037 1208 distasiant
1055 1193 1065 1223 ,
1082 1129 1133 1205 sed
1146 1137 1249 1236 propd
1265 1160 1382 1209 terram
1395 1143 1459 1230 jani
1476 1133 1641 1233 utriusque
1660 1140 1793 1212 distin.

412 1248 457 1317 ria
474 1263 541 1311 erat
563 1255 582 1311 6
607 1260 662 1310 aut
677 1269 695 1322 7
714 1239 891 1333 digitorum
909 1257 918 1302 ε
935 1259 1012 1304 nani
1024 1229 1141 1329 globus
1155 1232 1277 1329 ligneus
1287 1254 1382 1303 motu
1393 1235 1474 1301 a'e'iis
1488 1232 1679 1331 dplumbeo
1690 1238 1789 1306 euci-

413 1361 484 1413 tato
503 1338 544 1408 ad
563 1336 644 1407 larus
664 1333 867 1406 deflestebar.
887 1333 967 1401 Hoc
978 1354 1015 1400 ex
1058 1332 1232 1398 timentum
1258 1335 1292 1401 iii
1313 1350 1426 1426 aperto
1445 1333 1518 1400 a'c're
1530 1354 1597 1400 non
1613 1326 1756 1403 succedit
1771 1353 1797 1419 ,·.

415 1460 492 1507 nam
507 1431 674 1534 plumbeus
695 1428 811 1529 globus
825 1433 918 1501 citius
934 1426 1004 1496 deci
1028 1430 1052 1495 it
1069 1457 1079 1514 3
1103 1422 1154 1495 sed
1166 1427 1200 1494 iii
1213 1423 1289 1498 loeo
1303 1419 1434 1498 occluso
1450 1447 1520 1495 reni
1539 1430 1585 1499 ita
1604 1425 1636 1501 se
1663 1425 1797 1500 lubria·

418 1529 474 1602 sibi
488 1525 680 1628 persuaserat
693 1532 742 1598 vir
754 1527 870 1599 dusius
882 1533 917 1598 δι
927 1522 1082 1620 diligens..

723 1993 804 2088 SE
827 1987 1054 2084 (ΞΤ-ΙΨ·
1167 1988 1470 2090 SEXTA..

421 2218 493 2319 De
504 2206 680 2346 Physicis
695 2215 1193 2350 experimurirquaeannir
1209 2229 1537 2339 iopofflffl
1544 2205 1794 2353 fliminis

425 2486 430 2495 ¹
521 2451 584 2525 Uae
610 2448 674 2523 hoc
695 2445 828 2519 biennio
851 2450 885 2518 in
908 2441 1051 2541 Chymia
1073 2455 1106 2520 δε
1125 2450 1279 2543 Botanica
1302 2444 1435 2517 fuerunt
1447 2449 1625 2520 accuratius
1637 2442 1796 2550 expensa}

422 2457 513 2646 Q
524 2554 665 2645 primuni
688 2537 947 2644 prosequemur,
964 2543 1096 2616 cunrad
1114 2567 1153 2616 ca
1176 2539 1797 2644 quasuntzihyficaecontemplaiionis

427 2667 604 2719 veniemus.

771 2975 874 3063 CA
892 2977 922 3059 P
943 2976 996 3058 u?
1011 2975 1055 3066 Έ,
1131 2974 1473 3074 PRIMU'M'..

668 3168 727 3271 De
762 3186 978 3267 animalium
1013 3181 1059 3274 ἀ
1083 3185 1294 3300 plantarum
1324 3196 1548 3274 anatome:

422 3383 454 3467 Ῐ.
571 3379 868 3479 Umer'rimprimis
887 3377 1031 3477 spesient
1055 3379 1261 3455 Academica·
1279 3388 1521 3456 exercitationes
1534 3437 1545 3470 ,
1557 3382 1636 3455 urin
1648 3378 1796 3485 Ph'yfic'is.

574 3504 636 3552 con
662 3474 790 3552 ressibus
814 3499 886 3571 quae
908 3475 949 3548 ad
972 3498 1091 3549 naruiae
1106 3474 1276 3550 'historiam
1300 3475 1474 3578 spesiant‚
1498 3503 1567 3551 non
1586 3479 1796 3581 indiligenter«

426 3586 604 3656 muciani
617 3507 714 3666 ,sior
731 3568 836 3674 ipsum
858 3598 946 3646 anno
962 3583 1061 3660 1670.
1079 3571 1121 3646 sic
1134 3577 1244 3646 adorta
1259 3577 1303 3647 est
1325 3632 1336 3662 ‚
1359 3597 1395 3646 ut
1416 3572 1655 3648 inanimalium
1674 3606 1785 3656 anato-

428 3705 505 3750 men
527 3735 539 3767 ,
560 3682 595 3747 in
646 3672 843 3755 laurarum,
861 3695 934 3770 quae
959 3668 1005 3742 ab*
1022 3671 1093 3742 aliis
1118 3670 1331 3770 praetermissae
1352 3669 1479 3745 fuerant
1501 3730 1513 3762 ,
1537 3668 1786 3771 descriptiones,

427 3795 461 3844 at
488 3798 527 3845 ue
547 3778 582 3843 in
607 3701 791 3866 ciiymicam
814 3772 991 3839 mixtorum
1010 3763 1237 3839 resolutionem
1262 3792 1372 3841 curam
1396 3777 1429 3842 dt
1455 3770 1592 3839 studium
1614 3766 1710 3844 suurn

429 3800 584 3941 tissimum
598 3863 817 3961 impenderet,
838 3859 1048 3951 omiiiis„aut
1063 3869 1097 3935 in
1118 3863 1220 3934 alium
1238 3864 1349 3935 locum
1372 3865 1476 3938 dilatis
1497 3802 1796 3963 disceptationis&

429 3988 502 4057 quae
517 3958 648 4033 curiosae
664 3963 765 4056 magis
785 3965 820 4031 dr
839 3956 983 4032 difficiles
1003 3961 1105 4059 quarn
1120 3958 1213 4032 utiles
1229 3960 1386 4035 uidentur·
1420 3966 1513 4035 Nam
1532 3959 1612 4031 iilud
1639 3966 1789 4054 judicavit

429 4058 545 4130 frustra
564 4053 675 4154 suscipi
688 4077 795 4124 rerum
811 4056 1011 4128 occultarum
1029 4054 1193 4128 scientiam
1217 4112 1228 4139 ,
1251 4054 1321 4128 nisi·
1335 4060 1374 4129 ad
1391 4059 1560 4130 hominurn
1579 4053 1674 4129 usum
1694 4083 1800 4134 com··

429 4177 570 4255 paretur.
595 4155 675 4319 lNec
698 4172 807 4223 tumen
827 4150 962 4250 Physica
984 4157 1226 4254 experimenta,
1240 4178 1316 4226 cuin
1338 4150 1464 4227 occasio
1482 4152 1577 4244 tulit,
1591 4159 1687 4228 tacita
1707 4184 1793 4258 praeq

431 4272 526 4323 terite
550 4277 593 4321 VO
608 4271 666 4326 ult·

484 4353 596 4448 Qare
614 4370 655 4417 eo
675 4370 761 4418 anno
779 4351 825 4422 D.
842 4346 890 4418 D.
913 4345 1078 4436 Peirault,
1105 4355 1299 4447 Pecquet&
1321 4353 1437 4512 Gapen
1452 4350 1620 4449 complura
1638 4350 1803 4425 animalia:

429 4468 533 4542 eaque
559 4470 626 4516 non
647 4441 791 4542 vulgaria
813 4468 884 4538 quae
902 4439 1052 4515 versaliis
1073 4442 1153 4537 jussu
1170 4449 1270 4544 Regis
1289 4445 1371 4515 Chri
1399 4443 1498 4519 ianiff.
1522 4449 1562 4517 ad
1583 4447 1805 4522 acaunum:

428 4536 501 4613 sunt
510 4538 690 4654 asportata,
708 4540 889 4638 diligentius
907 4539 1123 4638 expenderunt
1137 4599 1147 4628 ,
1163 4538 1390 4636 descriptiones
1405 4566 1519 4613 eorum
1535 4554 1569 4618 &
1589 4538 1793 4617 observatio·

427 4661 485 4708 nes
507 4662 615 4736 paucis
627 4637 696 4733 post
714 4639 807 4705 annis
825 4640 910 4734 typis
927 4633 1069 4724 excusae,
1092 4636 1174 4708 adeo
1191 4661 1232 4710 ut,
1245 4634 1515 4737 superuacaneum
1533 4641 1679 4713 videatur
1702 4642 1741 4713 de
1757 4643 1806 4713 iis·

431 4755 518 4803 nunc
534 4731 629 4803 fufius
644 4727 804 4805 disserere.

481 4830 569 4900 Cum
582 4823 751 4898 defuerunt
763 4822 919 4920 ejusmodi
936 4829 1107 4923 animalia,
1120 4828 1253 4932 vulgata
1263 4834 1415 4932 magis&
1434 4853 1513 4906 nota
1524 4827 1804 4925 cultrosubjeaai

429 4927 558 5035 dicuni
573 4918 733 5024 prioribus
743 4918 816 5023 sunt
837 4945 1048 5026 comparata..
1682 4928 1801 5025 §oiu-
