3646 5430
299 382 361 448 t60
611 371 789 446 REGlAE
852 370 1305 446 SCIEN'l'lhRUM

162 487 227 560 Au
240 511 276 561 p,
348 499 373 562 t.
393 472 509 548 Tertio
523 467 593 569 post
607 467 811 540 novilunium
825 524 836 555 ,
849 491 905 540 aur
920 467 1129 565 plenilunium
1142 470 1193 537 die
1213 475 1315 560 major
1332 461 1377 535 est
1389 461 1478 534 astur
1492 459 1598 560 quim
1623 466 1658 535 in

162 597 253 675 ¹⁶77·
298 570 468 640 novilunio
482 625 493 656 ,
507 588 562 637 aur
579 562 779 664 plenilunio,
798 587 834 636 ur
846 570 878 635 in
897 569 1031 660 Europae
1042 560 1202 635 littoribus
1215 566 1332 634 evenit.

349 670 410 739 lll.
450 660 710 734 Declinarionem
729 664 906 758 magnetis,
925 682 980 729 aut
996 657 1137 729 Versorii
1158 684 1191 727 rr
1211 658 1367 756 graduum
1390 656 1564 726 Orientem
1585 674 1658 726 rer.¹

299 754 349 832 sus
372 763 520 844 invenit,
548 754 790 827 inclinationem
809 781 887 827 vero
903 784 933 850 55
950 754 1039 852 grad.
1060 760 1219 852 comperit
1244 782 1252 826 a
1278 752 1358 823 adeo
1381 773 1416 822 ut
1439 749 1518 822 illud
1547 772 1660 820 verum

301 880 369 928 oon
391 855 427 927 su
455 913 466 944 ,
493 847 678 923 Versotium
704 855 739 922 in
761 852 878 950 pyxide
898 855 1025 920 nautica
1039 873 1165 921 rantum
1183 852 1317 948 deprimi
1342 903 1352 934 ,
1379 870 1536 943 quantum
1563 845 1659 922 l‘olur

301 953 472 1026 attollitur.
511 950 601 1023 Nam
619 945 690 1020 Poli
706 944 844 1019 altitudo
866 971 907 1018 eo
928 943 994 1015 loci
1013 946 1057 1017 est
1077 946 1304 1017 tantummodo
1329 972 1355 1039 4
1379 945 1537 1039 graduum
1560 949 1595 1016 δι
1621 952 1659 1038 56

303 1050 516 1120 minutorum.

352 1148 411 1217 lV.
439 1143 535 1214 Circa
548 1137 729 1240 crepuscula
742 1141 775 1211 id
788 1163 922 1238 quoque
941 1143 1101 1238 competit
1115 1168 1155 1234 45
1180 1142 1312 1210 minutis
1331 1161 1404 1209 anre
1425 1134 1509 1206 Solis
1538 1154 1671 1225 ortum,-

303 1235 356 1309 vel
373 1240 442 1335 poll
459 1237 543 1311 illius
565 1235 715 1308 occasum
736 1234 799 1336 legi
816 1235 911 1307 facile
926 1233 1036 1334 polle:
1060 1236 1142 1306 adeo
1157 1257 1192 1307 ut
1203 1240 1257 1304 a'e't
1270 1239 1306 1303 iis
1319 1241 1353 1306 in
1374 1232 1454 1304 locis
1466 1255 1535 1302 non
1556 1235 1660 1303 minus

303 1325 341 1404 fit
353 1331 466 1405 ctallus
479 1343 512 1407 &
525 1330 770 1408 restasiionibus
783 1330 941 1404 obnoxius
955 1336 1057 1426 qualtn
1070 1334 1104 1401 in
1116 1328 1346 1427 frigidioribus.

356 1435 399 1505 V.
437 1432 686 1527 Hydrargyrum
702 1431 735 1496 in
764 1433 954 1499 Barometro
979 1427 1019 1496 ad
1044 1454 1084 1514 ²7
1110 1428 1285 1523 digitorum
1308 1434 1343 1499 δι
1365 1450 1486 1499 nouem
1503 1423 1660 1497 lineatum

302 1525 402 1623 osque
413 1524 618 1597 altitudinem
634 1520 741 1592 arrolli
761 1579 772 1610 ,
796 1547 856 1593 nec
876 1521 962 1592 infra
985 1547 1025 1611 27
1050 1522 1167 1618 digitos
1181 1530 1214 1593 dt
1228 1545 1325 1595 unam
1342 1525 1459 1596 lineam
1474 1517 1662 1593 descendere

301 1624 483 1719 comperit:
503 1625 547 1692 ita
561 1620 694 1690 utidem
707 1612 743 1690 fir
764 1643 845 1716 pene
858 1621 937 1688 a'e'tis
957 1616 1173 1689 incumbentis
1186 1618 1308 1714 pondus
1329 1644 1429 1719 prope
1448 1625 1660 1715 AEquarorena

300 1739 399 1813 atque
412 1721 446 1789 in
458 1714 536 1787 locis
548 1715 590 1788 ab
603 1740 644 1786 eo
660 1711 901 1787 remotioribus.
942 1716 1048 1783 Locus
1061 1716 1148 1781 enirn
1164 1717 1197 1781 in
1210 1737 1276 1806 quo
1287 1712 1332 1784 hae
1351 1714 1442 1785 faslae
1461 1711 1533 1784 sunt
1549 1709 1657 1784 obser-

301 1818 447 1885 vationes
464 1839 506 1885 ao
523 1810 754 1885 tautummodo
766 1833 822 1881 aur
844 1835 877 1903 ²5
891 1804 1023 1904 pedibus
1035 1807 1132 1879 altior
1144 1832 1210 1879 erar
1221 1812 1316 1878 maris
1326 1808 1504 1908 superficie.

350 1915 420 1983 Vl.
462 1910 513 1979 De
535 1911 637 1979 ventis
656 1902 723 1975 haec
751 1902 792 1975 ab
822 1930 863 1975 eo
888 1901 959 1975 sunt
978 1900 1168 1989 observata,
1194 1901 1276 1972 hauc
1297 1910 1462 2004 regionem
1488 1960 1500 1992 ,
1525 1926 1657 2002 queque

300 2005 509 2076 Amazonum
520 2002 648 2075 flumini
659 2001 704 2070 est
717 1997 854 2070 finitima
868 2056 880 2088 ,
899 2020 1073 2069 ventorum
1089 2002 1260 2068 mutationi
1274 2005 1377 2070 minus
1389 1997 1553 2093 subjacere
1562 2022 1659 2095 quarn

301 2101 510 2188 circumiedla
522 2105 655 2194 Europae
668 2093 787 2167 littora.
817 2100 913 2167 Venti
924 2089 965 2161 ab
978 2097 1115 2167 Oriente
1134 2091 1251 2190 spirant
1266 2094 1286 2165 ὲ
1300 2092 1406 2166 mense
1418 2096 1515 2193 Julio
1535 2096 1575 2166 ad
1591 2099 1661 2170 Dt-

302 2190 441 2263 cembtis
456 2191 555 2288 usque
567 2189 688 2276 linem,
706 2184 749 2259 stc
761 2212 870 2285 tamen
889 2211 925 2261 ut
944 2190 983 2258 ad
1003 2185 1353 2280 summoneatur,
1379 2195 1401 2262 a
1426 2187 1660 2272 Decembrem

294 2287 445 2385 Julium,
476 2313 550 2358 cum
573 2291 628 2357 a‘e't
647 2290 681 2355 in
699 2283 837 2355 imbrem
859 2281 991 2355 solvitur
1012 2340 1023 2371 ,
1048 2282 1089 2354 ab
1110 2288 1247 2356 Oriente
1267 2282 1371 2358 versus
1387 2286 1541 2358 Austrum
1560 2287 1659 2361 decli·

302 2405 393 2456 naut.
436 2388 529 2454 Hora
552 2380 618 2453 fere
640 2381 754 2450 ostova
774 2383 951 2477 incipiunt,
972 2380 1042 2477 post
1062 2376 1210 2449 occasum
1225 2382 1309 2452 Solis
1329 2381 1484 2475 paulatim
1496 2379 1658 2472 definunr3

301 2498 374 2549 tum
391 2479 522 2549 redeunt
533 2502 627 2549 mane
643 2472 736 2546 simul
755 2482 789 2547 dc
804 2498 982 2572 augentur,
998 2499 1073 2545 cum
1088 2474 1172 2544 Solis
1192 2471 1283 2572 supra
1304 2477 1510 2549 horizontem
1526 2477 1659 2552 altitudo

303 2568 439 2645 crescit:
462 2575 544 2646 unde
566 2572 680 2645 caloris
695 2571 805 2641 aestum
827 2596 894 2641 non
909 2571 1111 2640 mediocriter
1128 2592 1317 2665 temperant.
1346 2577 1537 2659 Tonitrua,
1562 2573 1657 2646 etha·

303 2666 438 2740 lationes
450 2667 746 2755 inflammarae,ltis
761 2657 848 2762 ipsa,
868 2673 901 2737 dr
921 2663 981 2735 alia
995 2688 1136 2753 meteora
1148 2690 1215 2735 non
1235 2673 1339 2739 minus
1354 2664 1464 2741 crebra
1477 2666 1551 2741 suut
1564 2693 1657 2770 arque

304 2766 339 2834 in
358 2765 473 2840 Gallia.

354 2864 437 2955 Qae
445 2861 513 2930 lam
531 2857 662 2954 subjecit
686 2854 726 2927 de
744 2855 907 2931 nonnullis
929 2854 1118 2930 animalibus
1132 2883 1199 2931 nou
1223 2863 1412 2936 omittenda.
1438 2863 1646 2938 Testudinem

301 2949 488 3051 sanguinem
508 2953 709 3052 frigidiorem
725 2949 786 3024 effe
811 2980 896 3053 aqua
916 2963 983 3052 ejus
1007 2957 1177 3052 regionis:
1201 2982 1276 3027 cum
1305 2952 1429 3055 sanguis
1451 2955 1598 3030 torsionis
1621 2987 1654 3038 v.

301 3050 475 3138 Marsoiiin
493 3076 560 3122 non
577 3053 680 3120 miuus
692 3049 794 3123 caleat
813 3076 912 3149 quam
930 3050 1122 3122 terrestrium
1137 3057 1362 3123 animantium.
1389 3085 1416 3126 ι.
1445 3053 1653 3128 Crocodilum

300 3145 382 3217 vidit
405 3172 522 3244 magna
544 3139 701 3216 inclusum
727 3169 801 3218 arca
822 3151 879 3243 qui
907 3172 962 3247 per
994 3146 1072 3216 οᾶο
1092 3145 1212 3218 menses
1236 3147 1315 3219 nihil
1340 3150 1546 3221 manducavit
1569 3149 1651 3224 :eui

300 3234 399 3337 pisces
424 3240 596 3313 devorandi
611 3244 644 3310 in
664 3263 774 3310 arcam
792 3248 1037 3337 conjicerentur.
1065 3267 1096 3330 3.
1117 3242 1207 3314 Alius
1227 3244 1271 3313 est
1294 3244 1384 3340 piscis
1404 3268 1467 3316 tres
1487 3268 1544 3316 aut
1569 3271 1649 3344 qua.

300 3356 376 3406 tuot
391 3337 483 3435 pedes
498 3335 613 3433 longus
629 3360 697 3406 non
714 3333 867 3410 disimilis
881 3360 1003 3433 congro
1016 3341 1072 3430 qui
1088 3337 1215 3435 digito,
1233 3343 1302 3407 imo
1327 3349 1361 3411 dt
1387 3338 1496 3411 baculi
1513 3365 1651 3413 extremo

298 3435 467 3504 conradus
482 3435 609 3529 stupore
627 3425 730 3503 afficit
744 3428 912 3504 brachium
925 3434 1160 3528 &vertiginem
1179 3431 1410 3506 tenebricosam
1435 3459 1543 3527 creat,
1568 3445 1650 3533 cujus

300 3532 348 3600 rei
361 3526 566 3626 periculumi
591 3523 622 3600 se
643 3524 734 3602 fecit.
760 3529 813 3601 Ell
825 3552 958 3626 quoque
982 3531 1016 3597 in
1035 3551 1072 3596 ea
1096 3536 1225 3627 regione
1250 3531 1412 3625 quoddam
1441 3527 1503 3602 suis
1529 3557 1647 3631 genus,

300 3627 335 3695 in
350 3631 438 3713 cujus
452 3646 545 3722 tergo
556 3555 704 3698 litamen
718 3646 805 3722 patet
821 3680 832 3712 ,
855 3648 911 3722 per
926 3623 1014 3720 quod
1029 3624 1165 3698 multam
1182 3629 1300 3696 emittit
1315 3622 1336 3695 s
1352 3651 1460 3697 unum
1474 3683 1486 3715 ‚
1510 3652 1587 3700 cum
1606 3654 1654 3702 ca·

301 3742 357 3789 nes
375 3718 468 3791 illum
485 3718 705 3817 insequuntur.
729 3721 795 3791 Cui
806 3717 875 3790 usui
889 3718 966 3790 illud
981 3715 1056 3789 esset
1068 3719 1235 3806 foramen,
1261 3653 1426 3818 expsbrare
1445 3723 1564 3800 voluit.
1602 3728 1651 3797 Art

300 3808 388 3884 fortd
402 3814 626 3885 ducendoa'e‘ri
646 3812 720 3886 elset
740 3812 928 3887 destinatum
953 3838 961 3884 ε
981 3812 1031 3885 sed
1055 3820 1088 3886 in
1114 3812 1245 3887 disiecto
1262 3815 1393 3886 animali
1412 3818 1517 3890 nullus
1542 3821 1583 3890 ad
1607 3826 1651 3893 in-

299 3910 434 3983 teriores
446 3930 549 3999 patres
560 3904 663 3979 aditus
675 3902 827 4002 parebat:
850 3907 1009 3979 orificium
1021 3912 1182 3983 dumtaxat
1192 3908 1294 3981 visum
1306 3913 1350 3982 est
1362 3909 1525 4005 cujusdam
1543 3918 1651 4014 pelvis,

302 4000 407 4099 qualis
418 3999 521 4071 ferme
530 4006 575 4074 eil
589 4008 621 4074 in
635 4000 782 4091 renibus,
800 4003 950 4102 glandula
963 4000 1129 4103 spongiola
1140 4009 1265 4079 cindlae.

353 4102 428 4170 Vll.
450 4099 532 4186 Qae
551 4103 676 4196 gummi
700 4121 827 4196 guttam
845 4097 1023 4198 proferret,
1047 4100 1143 4172 arbor
1162 4129 1203 4173 au
1228 4098 1350 4188 frutex,
1367 4100 1551 4178 dubitatum
1574 4111 1648 4182 olim

300 4191 384 4266 fuir:
403 4190 551 4264 arborem
568 4218 689 4291 quercu
705 4219 772 4265 non
787 4200 947 4267 minorem
965 4194 1026 4264 else
1040 4203 1209 4292 comperit.
1236 4203 1285 4267 Ac
1302 4193 1490 4291 quibusdam
1505 4208 1539 4274 in
1554 4208 1648 4278 Amt-

299 4293 373 4360 ricae
391 4289 470 4359 locis
488 4287 590 4388 sylvas
611 4288 659 4360 his
676 4289 845 4364 arboribus
864 4292 994 4364 refertas
1013 4295 1147 4369 invenit.
1173 4294 1313 4366 Uberior
1331 4289 1438 4363 succus
1469 4300 1555 4369 inter
1583 4327 1650 4372 tor.

298 4387 397 4456 ricem
425 4392 458 4456 &
487 4383 610 4480 lignum
630 4382 797 4458 interfusus
811 4385 932 4458 flavum
947 4386 1092 4458 colorem
1119 4415 1181 4486 ptae
1201 4388 1231 4458 se
1247 4385 1308 4458 fert
1331 4444 1341 4472 ,
1368 4411 1403 4459 ur
1420 4400 1548 4488 gummi
1567 4397 1649 4494 quod

299 4484 449 4554 exteriori
471 4485 584 4552 cortici
603 4480 795 4555 adhaerescit.
819 4483 936 4554 lncolae
960 4481 1068 4553 colicis
1091 4483 1256 4556 doloribus
1276 4481 1415 4573 affesli,
1447 4487 1566 4583 quibus
1584 4492 1649 4565 sunt

257 4638 259 4641 ,
299 4576 476 4646 admodum
497 4574 649 4661 obnoxii,
663 4576 727 4647 hoc
743 4579 955 4650 medicamine
973 4583 1021 4648 uti
1039 4572 1152 4653 solent.

314 4738 317 4743 .
350 4678 442 4746 Vlll.
469 4675 534 4743 Die
549 4697 580 4768 15
593 4674 677 4742 Maii
694 4678 739 4745 D.
757 4675 900 4745 Perrault
913 4698 1023 4745 coram
1040 4673 1184 4747 exhibuit
1196 4663 1286 4773 piscis
1299 4675 1461 4769 cujusdam
1475 4681 1649 4774 maxillam,

286 4773 459 4865 ‘quamsit
476 4775 618 4873 optimus
634 4765 744 4841 Abbas
765 4769 919 4850 Gendton
938 4769 955 4840 ὲ
971 4768 1151 4842 Canadenst
1167 4777 1299 4869 regione
1319 4772 1447 4849 allatam
1476 4776 1604 4854 Clarill.
1617 4788 1650 4853 ἃ

1494 4875 1648 4973 perdocto
