3646 5430
418 290 764 366 acarnania
806 290 1143 374 nrsrourr.
1178 292 1333 380 tntu.
1473 327 1529 401 2„

174 479 182 497 ·
229 387 280 459 D.
297 382 424 460 Dudart
436 411 581 496 gemmas
595 446 604 474 ,
618 389 725 484 quales
737 412 808 460 rum
822 395 976 488 temporis
989 390 1102 466 suntin
1116 393 1293 479 arboribus,
1308 397 1367 470 suis
1376 397 1528 474 obductas
1546 405 1661 502 Phyffi

171 479 349 589 involucris
365 483 469 579 palam
478 481 637 570 exhibuit,
655 481 1524 593 frudiusquoqueatrulit,quierunapartemalame·
1542 523 1590 574 aa.
1640 504 1643 510 ’
1689 527 1696 536 ·

175 574 246 649 drea
257 630 268 661 ,
281 600 320 645 ex
333 576 433 646 altera
449 587 544 647 erant
565 580 649 646 mala
670 602 774 652 aurea.
1589 583 1595 595 ’

226 671 276 743 Ι).
292 669 374 742 dela
388 674 470 742 Hire
485 673 699 765 quorumdam
713 672 877 747 fruetuum
888 685 946 773 qui
962 679 1080 752 florum
1094 706 1235 781 expertes
1246 682 1345 849 vulgo
1359 684 1531 776 habentur,

174 761 347 837 delineatae
363 765 498 836 ostendit
514 761 648 861 figuras,
669 767 832 866 inquibus
853 771 948 846 flores
962 776 1111 849 omnibus
1130 783 1192 852 suis
1219 784 1300 876 parti
1325 805 1360 852 us
1384 782 1528 854 instrudii

174 855 424 956 conspiciuntur.

181 1067 1522 1109 --——--——-—-----.-.-.

642 1195 737 1274 CA
762 1194 791 1276 P
810 1198 918 1282 UT
988 1202 1007 1281 1
1031 1202 1065 1287 1.

192 1371 194 1375 .
221 1412 279 1482 De
298 1401 343 1481 iu
358 1425 430 1512 qu
452 1398 504 1480 ad
521 1405 775 1486 anatomiam
789 1401 832 1494 ἀ
845 1398 1020 1512 bisinam
1043 1409 1291 1491 ‹Animaelr'm
1302 1411 1489 1525 spamae·

171 1616 202 1685 1.
230 1613 395 1782 Clrca
410 1611 573 1685 historiam
595 1611 792 1685 Animalium
808 1619 842 1683 de
862 1612 1045 1686 Auaromen
1067 1615 1235 1715 complura
1255 1622 1288 1689 in
1304 1620 1476 1690 Academia
1502 1619 1525 1690 d

330 1713 377 1783 D.
390 1713 433 1780 D.
444 1711 486 1779 du
500 1716 628 1805 Verney
651 1715 689 1778 δι-
705 1710 806 1871 Mmdp
825 1703 895 1777 sunt
915 1710 1128 1781 animadversa
1149 1768 1159 1798 ,
1190 1737 1292 1809 eaque
1312 1708 1527 1810 speculatione

171 1803 284 1899 digua.
315 1808 384 1876 Hic
400 1826 501 1899 partes
520 1803 751 1898 generationid
798 1825 896 1872 maras
914 1808 948 1872 in
968 1802 1093 1875 histrice
1106 1805 1262 1894 foemina,
1279 1802 1377 1878 'fibras
1398 1811 1527 1879 eutanei

172 1893 311 1970 muscidi
328 1897 562 1970 &aculeorum
576 1900 727 1969 mottices
741 1920 831 1966 novo
846 1902 984 1967 examini
1001 1897 1142 1985 subjecit.

229 1999 285 2065 Sic
302 2002 348 2067 D.
370 1994 414 2061 du
436 1999 522 2063 Vern
584 1998 617 2061 iu
632 1989 806 2062 struthione
818 1992 930 2060 eadem
950 1990 1087 2064 discuffit
1107 2017 1228 2092 organa
1239 2017 1311 2091 quae
1326 1999 1528 2092 procreatio:

174 2091 210 2161 ni
222 2085 388 2173 servimir,
410 2108 510 2180 eaque
571 2086 700 2157 lineavit
714 2092 758 2158 D.
779 2089 818 2156 de
837 2085 867 2154 la
890 2091 1001 2175 Hire,
1022 2089 1213 2161 struduram
1241 2090 1348 2177 oculi,
1373 2089 1526 2162 uouirlea

173 2193 210 2256 δι
224 2182 363 2255 funiculi
375 2207 445 2277 quae
456 2180 529 2252 velo
542 2180 744 2252 subducendo
760 2205 834 2254 ante
846 2205 995 2254 corneam
1008 2184 1199 2271 inserviunt,
1225 2181 1396 2258 artificium
1417 2185 1526 2255 osten-

172 2281 222 2351 dit
243 2333 255 2365 ,
277 2302 383 2375 quave
399 2282 521 2348 rarione
540 2275 690 2373 glandula
707 2274 910 2375 lachrymalis
934 2278 1067 2348 inferior
1084 2279 1245 2376 liquorem
1269 2278 1447 2376 suppeditet
1466 2302 1525 2351 ex-

134 2396 142 2402 ·
173 2378 265 2448 n'mis
275 2368 529 2469 oculispartibur
543 2370 717 2444 abluendis.

217 2473 302 2540 Huc
314 2464 469 2566 finguiare
480 2488 598 2536 natura
607 2462 778 2534 artificium
789 2461 927 2557 pufirum
942 2463 985 2532 est
1000 2471 1033 2535 in
1046 2464 1192 2536 funiculo
1207 2470 1264 2560 qui
1278 2489 1333 2562 per
1344 2467 1523 2540 trochleam

165 2565 292 2645 metus
308 2560 525 2636 membranam
536 2560 625 2631 illam
641 2558 695 2632 seu
706 2563 892 2630 interiorem
913 2558 1000 2631 oculi
1020 2558 1206 2658 palpebram
1219 2565 1267 2647 Ρ,
1281 2561 1444 2672 Qinstar
1459 2558 1525 2633 veli

176 3814 323 3894 tenentis
335 3817 463 3917 appenfi
483 3842 537 3894 aut
557 3819 721 3900 distendit,
743 3840 798 3891 aut
822 3818 961 3890 adducit.
985 3819 1030 3887 Ea
1044 3817 1175 3912 quidem
1197 3813 1384 3886 membrana
1400 3816 1527 3889 extensa

175 3915 225 3988 est
245 3913 351 4012 figura
372 3917 583 4015 triangularis,
606 3937 642 3985 ut
656 3941 729 3986 corn
755 3915 847 3985 licata
865 3913 975 3985 circuli
994 3908 1191 4008 segmentum
1210 3908 1350 3983 exhibet:
1362 3920 1427 4004 ejus
1445 3908 1525 3984 bafia

174 4020 234 4097 vel
256 4021 304 4086 ori
330 4043 350 4085 o
371 4019 513 4085 interiori
532 4010 651 4109 angulo
671 3940 755 4083 ocusi
776 4011 820 4081 est
843 4009 997 4096 finitima,
1017 4014 1050 4078 in
1062 4032 1102 4077 eo
1123 4012 1231 4108 magni
1243 4005 1354 4076 circuli
1369 4014 1526 4105 margine,

176 4139 280 4214 quem
299 4042 463 4181 selerotica
476 4112 583 4179 tunica
596 4132 669 4178 cum
683 4108 799 4176 cornei
810 4099 929 4192 efficit,
946 4100 1002 4174 srra
1013 4103 1077 4188 est,
1093 4125 1194 4200 eaque
1205 4106 1330 4175 tertiam
1343 4111 1377 4176 de
1390 4102 1529 4200 amplius

175 4221 246 4308 ejus
265 4204 376 4277 circuli
391 4208 574 4302 portionem
589 4223 748 4299 occupat,
762 4211 794 4272 de
810 4199 935 4297 prorsus
949 4205 1085 4269 immota
1099 4223 1219 4272 maner.

232 4300 309 4375 Reli
335 4325 376 4370 ua
389 4301 453 4368 duo
474 4298 570 4369 latera
594 4293 791 4368 dextrorsum
812 4305 846 4368 &r
868 4291 1075 4365 finistrorsum
1119 4297 1346 4381 roducunrur,
1372 4291 1469 4386 idque
1491 4285 1527 4362 fit

177 4420 243 4502 ope
261 4325 424 4480 musculi,
444 4402 532 4486 cujus
549 4399 643 4490 origo
662 4391 705 4463 est
727 4392 893 4463 incudem
907 4392 1049 4485 margine
1071 4319 1240 4462 sderoticae
1253 4382 1354 4485 pofita
1383 4441 1394 4471 ,
1419 4380 1528 4454 versus

176 4506 339 4591 majorem
355 4490 444 4560 oculi
457 4487 622 4585 anguium.
641 4495 679 4560 ln
698 4511 771 4558 ortu
795 4483 850 4557 suo
868 4484 992 4583 amplus
1015 4483 1087 4570 est,
1113 4508 1183 4556 tum
1204 4479 1316 4552 sensim
1345 4480 1526 4590 minuitur,⁸

177 4593 305 4663 durnin
320 4587 482 4657 tendinem
497 4584 610 4654 exilem
636 4591 669 4656 dc
695 4583 914 4656 rotundumi‘
936 4583 985 4666 8,
1012 4575 1104 4650 abeat
1122 4578 1178 4651 sub
1196 4600 1295 4650 nervo
1317 4582 1428 4674 optico
1445 4598 1454 4642 :
1470 4592 1529 4667 qur

175 4688 278 4774 tendo
291 4679 454 4785 pertusum
472 4677 600 4752 alterius
615 4674 749 4782 musculi
767 4679 928 4757 tendinem
941 4671 1025 4781 subit
1042 4699 1053 4749 e
1075 4676 1154 4751 adeo
1167 4696 1202 4749 ut
1218 4669 1293 4838 bico
1292 4670 1389 4860 tgndp
1413 4671 1435 4739 S
1455 4688 1528 4767 per·
