3646 5430
294 355 352 436 356
632 342 833 416 REGlAE
895 330 1346 413 S-CIENTIARUM

157 439 226 513 An
240 466 276 516 n,
291 443 382 514 &um
394 439 438 511 est
452 496 462 528 ,
475 460 613 540 quaque
629 463 667 509 ex
686 437 753 510 sola
772 435 909 511 floris&
935 432 1057 505 fruens
1077 433 1235 505 strudlura
1264 433 1416 530 pendent.
1463 433 1514 505 Hi
1538 435 1661 530 quidet,¹

159 545 255 626 1694.
291 535 358 606 duo
381 534 452 608 sunt
477 536 568 607 velut
588 533 762 606 essentiales
806 557 938 605 eneruns
966 529 1164 600 characteres
1195 533 1229 598 in
1249 529 1367 626 plantis
1395 551 1470 626 quae
1490 528 1613 604 fluens
1629 542 1660 608 dr

289 627 387 708 flores
405 632 573 727 proferunt
588 655 596 700 ε
611 628 662 701 sed
680 635 713 700 in
728 559 837 700 multis
851 627 920 699 aliis
935 650 1002 699 non
1016 623 1197 700 sufficiunt:
1219 626 1304 696 unde
1323 625 1403 696 alter
1425 626 1513 695 ordo
1530 626 1659 701 statnen.

293 725 352 796 dus
366 728 515 810 videtur,
537 732 570 796 in
587 750 655 821 quo
670 747 780 823 praeter
795 724 871 794 duas
888 722 956 794 illas
972 743 1076 820 partes
1090 725 1228 791 omnino
1237 715 1421 791 neceli‘arias
1437 775 1449 804 ,
1469 723 1569 792 tertia
1580 749 1659 818 qua·

290 819 369 892 darn
384 826 417 891 in
431 818 602 894 sublidium
615 845 769 907 vocatur,
781 843 981 919 quecunque
998 815 1052 886 illa
1072 814 1130 903 stt,
1149 815 1311 886 interdum
1335 816 1425 886 radix
1446 811 1516 911 ipsa
1534 841 1545 887 e
1570 815 1610 890 fic
1624 822 1659 891 li·

293 913 416 989 liorum
428 943 528 1015 genus
540 922 600 990 erit
620 913 748 988 secundi
762 919 896 1001 ordinis,
908 937 1007 1010 atque
1017 913 1038 984 d
1047 911 1149 1013 tulipa
1166 918 1200 984 dt
1216 934 1342 982 corona
1356 909 1526 1011 imperiali
1538 937 1658 1015 propser

296 1012 437 1084 radicem
453 1009 656 1110 squamosam
672 1037 788 1110 genere
800 1009 871 1112 ipso
888 1008 1028 1081 distabit.

346 1113 424 1180 111.
461 1113 516 1179 Sic
535 1108 690 1180 foliorum
709 1132 859 1180 numerus·
878 1103 1103 1202 distinguendis
1120 1101 1289 1203 generibus
1306 1100 1471 1173 interdum
1501 1103 1590 1178 utilis
1607 1109 1654 1186 ed.

289 1207 373 1298 Qu
410 1204 517 1273 uidem
534 1204 634 1276 modo
649 1202 857 1301 pentaphylla
870 1260 879 1283 ,
894 1199 1005 1300 fraga,
1019 1205 1136 1299 pinus,
1156 1197 1266 1284 abies,
1283 1196 1360 1269 larix
1382 1222 1485 1293 penes
1502 1197 1652 1277 foliomm

291 1229 532 1392 dispodtionem
549 1321 664 1395 genere
677 1301 760 1368 inter
772 1294 977 1371 sedifferunt.
1024 1294 1174 1366 lnabiete
1191 1291 1272 1365 folia
1290 1290 1433 1390 separata
1443 1297 1482 1364 in
1495 1295 1654 1370 ramisdis.

292 1414 458 1491 ponuntur
474 1398 531 1483 ,in
545 1400 622 1490 pinu
637 1397 767 1491 gentina
778 1391 896 1466 nioulis
910 1389 1030 1463 inclusa
1044 1391 1201 1488 prodeunt
1218 1424 1229 1479 3
1244 1394 1277 1458 in
1293 1387 1393 1459 larice
1445 1387 1516 1459 uafi
1535 1395 1570 1462 in
1587 1389 1655 1467 sena

290 1489 440 1584 quedam
455 1490 634 1588 glomerata
649 1513 821 1562 cernuntur
842 1516 851 1560 :
880 1512 975 1586 penes
989 1490 1144 1558 corticem
1159 1485 1222 1556 ilex
1235 1493 1269 1558 dc
1282 1480 1374 1558 suber
1392 1483 1423 1553 di
1458 1479 1653 1584 'nguun'turp

358 1608 391 1654 cs
406 1583 525 1657 florum
544 1581 657 1658 calices
668 1582 848 1657 scursonera
864 1595 938 1657 &tr
979 1605 1127 1682 opogum
1142 1579 1242 1680 vulgo
1257 1573 1531 1666 Barbelebm,
1548 1607 1654 1683 genere

315 1675 465 1753 illudente
480 1687 514 1752 in
527 1681 591 1753 hoc
603 1677 735 1778 limplex
746 1682 812 1768 est,
828 1686 861 1752 in
877 1680 931 1751 illa
939 1608 1140 1776 l‘dlrramosus.
1357 1730 1362 1734 -

344 1777 508 1848 Interdum
522 1776 573 1849 vel
587 1775 705 1846 coloris
721 1774 866 1848 habenda
885 1777 929 1853 est
947 1780 1028 1847 ratio
1040 1797 1076 1846 ut
1088 1777 1122 1842 in
1143 1767 1405 1867 Chrysantlaemo
1415 1778 1454 1846 dt
1469 1769 1650 1850 leucanthe-

288 1895 370 1955 mo,
386 1870 440 1941 vul
876 1876 963 1959 oris,
982 1895 1019 1941 ur
1042 1874 1076 1940 in
1099 1893 1195 1940 eruca
1221 1876 1254 1941 dc
1271 1865 1335 1938 sina
1359 1871 1395 1956 i,
1417 1865 1477 1939 vel
1497 1867 1647 1964 cujusdam

284 1963 376 2058 quasi
400 1898 526 2040 halitus
538 1977 571 2042 δι
582 1990 716 2039 externae
729 1965 825 2039 faciei
835 1900 950 2066 plante
959 2023 969 2054 ‚
978 1964 1081 2064 vulgo
1095 1963 1124 2030 le
1138 1967 1216 2030 Pare
1231 1959 1270 2030 de
1283 1964 1318 2030 la
1330 1892 1481 2045 lime,
1505 1989 1539 2037 ιι
1553 1966 1646 2040 insls-

284 2058 426 2148 finrhio,
439 2061 599 2136 abrotano
612 2071 645 2134 dr
659 2059 824 2133 artemisia.
853 2068 908 2134 Sic
919 2067 1026 2133 acacia
1040 2070 1074 2134 dr
1092 2059 1285 2162 glycirrhiza
1301 2082 1336 2130 ur
1350 2056 1418 2131 hoc
1440 2058 1572 2135 tantun
1584 2059 1645 2135 dil*

286 2180 422 2326 “rt
434 2155 1080 2353 2lenitudinis‘sarrs
1184 2252 1279 2347 Μ
1300 2304 1313 2338 ,
1347 2271 1424 2321 Μ
1448 2251 1579 2328 ΜΜ
1595 2282 1644 2329 Μ.

283 2344 369 2418 dinis
390 2376 401 2420 t
428 2353 461 2421 in
484 2349 601 2446 quibus
620 2349 698 2420 illud
715 2352 934 2436 intuendum,
957 2356 1045 2421 utin
1076 2354 1114 2422 iis
1139 2346 1365 2418 constituendis
1388 2371 1531 2422 remote
1591 2362 1597 2374 '
1629 2385 1644 2402 ·

285 2443 360 2513 dam
382 2451 583 2543 cognationis
605 2505 617 2534 ,
644 2469 780 2542 queque
795 2445 888 2516 multi
914 2444 967 2515 lici
982 2450 1092 2543 generi
1110 2446 1292 2516 communis
1310 2437 1347 2512 sit
1364 2497 1376 2529 ,
1396 2450 1489 2516 ratio
1509 2471 1577 2520 nou
1623 2479 1640 2499 ·

281 2533 423 2627 beatur,
448 2565 529 2611 neve
554 2545 671 2614 eodem
689 2539 851 2613 uocabulo
874 2473 965 2640 plura
988 2541 1126 2637 quedam
1147 2541 1365 2635 exprimantur
1387 2563 1550 2636 genera,
1573 2548 1638 2621 &d

282 2655 398 2705 contra
415 2639 609 2727 ,cavendum
625 2661 758 2734 quoque
772 2638 816 2707 est
827 2661 867 2707 ne
884 2632 1023 2728 ejusdem
1034 2640 1158 2734 generis
1179 2635 1385 2730 cognationes
1403 2639 1552 2711 nimium
1564 2638 1641 2714 scru-

283 2728 397 2823 pulose
415 2733 644 2829 expendantur:
661 2730 712 2804 sed
722 2738 760 2804 iis
776 2736 919 2804 contenti
933 2728 1029 2804 fimus
1043 2757 1114 2828 quae
1128 2729 1228 2827 vulgo
1241 2727 1415 2800 hominum
1431 2737 1479 2802 ira
1492 2736 1642 2817 videm,

466 1898 487 1943 o
506 1879 651 1966 Margue
667 1878 730 1942 ires
746 1871 799 1942 vel
822 1869 851 1942 sa

281 2827 337 2895 Sic
358 2827 519 2900 trifolium
543 2827 685 2927 pratenst
710 2852 905 2926 purpureum
929 2826 1127 2899 trifoliorum
1146 2850 1261 2991 genere
1273 2819 1472 2898 censendum
1493 2831 1642 2919 est,licer

278 2925 348 3007 eius
365 2919 425 2995 flos
447 2922 554 2995 acrids
578 2923 775 2997 intuentibus
794 2918 832 2993 sit
850 2929 943 2993 unius
968 2922 1064 3011 folii,
1079 2928 1142 2994 ina
1158 2926 1194 2992 iis
1207 2920 1298 2992 multi
1323 2917 1378 2989 lici
1407 2922 1497 2995 folio
1516 2923 1641 3009 eander,

278 3017 471 3111 Qinetiam
483 3025 608 3090 variant
619 3019 794 3115 aliquando
815 3042 918 3115 partes
934 3018 1049 3116 plantae
1068 3015 1240 3090 ellentiales
1263 3044 1272 3088 t
1294 2944 1346 3085 ldd
1373 3018 1417 3090 de
1437 3015 1490 3090 his
1516 3047 1588 3118 qut
1607 3048 1640 3100 ι

278 3108 461 3205 plurimalm
478 3119 655 3202 eveniunt,
671 3123 705 3188 δι
722 3124 808 3210 juxta
819 3111 1006 3187 consuetum
1017 3139 1134 3191 narurae
1151 3115 1297 3189 ordinem
1315 3135 1475 3212 apparent
1486 3171 1499 3205 ,
1509 3124 1639 3196 omnmo

280 3204 330 3274 est
345 3209 564 3296 judicandum.

324 3309 370 3379 V.
392 3308 521 3401 Species
535 3330 613 3377 vero
625 3308 741 3378 eodem
755 3308 899 3407 stirpium
923 3332 1039 3406 genere
1059 3328 1217 3380 contenta:
1239 3311 1283 3377 ita
1297 3301 1370 3376 sunt
1382 3306 1558 3383 tnboendae
1570 3371 1584 3405 ,
1597 3337 1633 3389 α

272 3401 342 3492 ejus
376 3403 439 3469 uod
459 3407 561 3502 magis
580 3402 625 3473 est
638 3399 793 3502 singulare
805 3412 839 3475 in
851 3403 892 3475 ali
919 3428 1031 3475 uarum
1052 3409 1190 3502 partium
1210 3405 1363 3476 struens
1387 3459 1400 3493 ,
1427 3428 1485 3479 aut
1504 3414 1539 3482 in
1558 3435 1633 3483 mo-

273 3494 318 3564 do
330 3424 407 3574 ,lleu
421 3501 454 3566 in
470 3494 593 3597 figura,
619 3501 868 3598 magnitudine,
891 3431 976 3587 litu,
1001 3494 1132 3600 sapore,
1151 3501 1266 3587 odore,
1277 3554 1289 3587 ,
1312 3499 1364 3571 vel
1384 3504 1421 3574 in
1443 3510 1636 3601 cognatione

272 3611 351 3662 curn
364 3596 485 3664 notiori
497 3594 607 3696 aliqua
622 3595 729 3692 planta
739 3594 891 3669 habeatur
903 3602 985 3667 ratio
1003 3622 1012 3673 a
1028 3602 1070 3668 ita
1085 3616 1120 3667 ut
1133 3599 1301 3666 communi
1313 3603 1451 3669 nomine
1463 3623 1568 3698 genus
1579 3627 1631 3676 ex.

271 3691 445 3850 primatur,
460 3715 597 3787 qumque
610 3692 758 3763 addenda
770 3689 840 3762 sunt
850 3698 973 3791 generis
989 3689 1174 3763 differentiae
1187 3693 1288 3788 qu'am
1309 3698 1433 3789 poterit
1451 3691 1547 3767 brevi
1564 3724 1632 3772 vet·

295 3806 390 3853 orum
404 3785 575 3884 complexu
587 3843 596 3874 ,
609 3791 756 3859 accurate
766 3811 873 3860 tamen
884 3787 1114 3884 distinguantur
1127 3821 1136 3875 ;
1150 3793 1249 3860 nimia
1262 3812 1384 3858 vocum
1401 3796 1573 3887 congeries
1583 3799 1631 3868 vi·

268 3893 378 3962 tetur,
405 3887 439 3952 δι
454 3906 570 3978 genera
586 3879 652 3978 ipsa
665 3881 918 3980 multiplicentur
939 3879 1163 3981 potiusquam
1180 3886 1354 3956 arctentur.
1393 3888 1487 3957 Nam
1520 3893 1630 3981 majori

267 3968 442 4044 verborum
457 3979 651 4075 compendio
664 3973 781 4073 species
795 3976 866 4074 ipsae
878 3976 1104 4065 describentur,
1117 3975 1140 4047 st
1151 3975 1294 4050 sexcenta
1308 3976 1499 4074 plantarum
1518 4007 1626 4082 genera

264 4064 450 4158 statuamus,
461 4077 562 4167 quam
575 4070 596 4144 sr
610 4072 716 4144 multi>
729 4078 879 4171 pauciora
892 4095 1120 4159 numerentur,
1135 4083 1169 4147 dt
1183 4073 1365 4173 complures
1378 4075 1512 4174 plantas
1523 4075 1625 4159 direti

259 4159 474 4265 charaeteris,
487 4189 523 4241 ut
536 4170 705 4274 degeneres
721 4191 779 4247 aut
791 4168 977 4274 irregulares
992 4170 1032 4242 ad
1047 4190 1132 4244 certa
1144 4194 1263 4270 genera
1279 4169 1472 4251 referamru.

833 4477 1062 4618 w
