3646 5430
290 366 616 444 'ACADEMIAE
651 368 954 448 HISTORIA.
991 375 1108 450 [iul.
1342 406 1377 477 55

12 471 224 561 uoeffivetit,
237 475 296 572 qui
308 495 371 540 una
381 492 456 537 rum
469 471 624 561 Hugenio
638 523 649 552 ,
661 464 874 556 Robetvalio,
891 472 1040 560 Picardo,
1056 470 1211 553 Prenitlo,
1224 474 1374 560 lluhosro,
1391 474 1511 571 Astra}

16 573 127 653 &aliis
145 572 298 644 melioris
312 586 398 637 notae
416 561 657 635 Mathematicis
683 560 826 639 nobilem
842 563 926 637 hanc
949 576 983 640 dr
1010 567 1195 665 praeclaram
1213 571 1376 648 scientiam
1388 577 1508 647 uenire

16 691 236 838 natet-Hoc
250 756 322 860 ipso
333 782 421 829 anno
433 753 557 828 tabulas
567 753 806 828 revolutionum
821 780 958 855 quatuor
972 753 1241 858 Jovidsatellitum
1256 765 1377 866 publici

20 871 29 885 “
63 867 69 881 ’
98 859 250 945 fecerat,
266 880 384 927 eorum
399 851 546 953 periodos
563 855 605 920 ita
618 846 821 950 prascripfit,
844 876 879 924 ut
894 858 977 928 intra
992 886 1054 952 40.
1071 879 1126 930 aut
1156 887 1190 934 o.
1214 886 1376 943 antrorum

18 886 150 1057 ffium
157 977 307 1026 errorem
315 951 355 1022 ad
375 949 542 1019 dimidiam
554 951 648 1016 unius
662 947 680 1017 ὲ
694 943 968 1048 fingulis'periodis
981 978 1047 1024 non
1062 885 1152 1052 polls
1166 959 1226 1028 irre
1249 981 1375 1058 erepto
1494 1038 1498 1049 ¹

20 1050 200 1125 hrlnbitato
213 1047 356 1118 baberet.
383 1040 632 1115 Observationes
642 1041 710 1110 suas
722 1068 796 1114 eum
811 1044 1022 1120 vetustilfimis
1036 1048 1056 1119 ὲ
1070 1047 1204 1122 Galilao
1229 1053 1376 1129 adiisan-

22 1172 60 1220 no
74 1163 172 1221 1610.
191 1143 337 1216 contulit.
373 1139 435 1213 Sed
450 1138 534 1207 idem
549 1134 721 1207 histabulis
735 1134 926 1228 brellitum,
944 1145 1032 1240 quod
1050 1148 1283 1244 praecipuorum
1303 1151 1377 1248 pla-

20 1266 170 1317 tearum
187 1233 452 1310 tabulisaccidill'e
471 1234 517 1302 D.
529 1228 650 1303 Calsrni
668 1234 701 1299 in
713 1229 913 1332 responsione
925 1232 978 1308 sua
990 1240 1031 1309 ad
1048 1244 1084 1312 Ρ.
1099 1240 1246 1313 Richaud
1260 1247 1377 1317 Socie-

21 1334 185 1438 tatisjesu
196 1330 388 1403 difficultates
399 1354 487 1400 anno
501 1341 596 1409 1692.
612 1324 632 1396 al
647 1330 685 1398 Ρ.
701 1332 807 1400 Govie
825 1332 923 1401 editas
938 1334 1088 1409 declarat.
1128 1343 1260 1411 Veteres
1285 1347 1376 1414 enim

22 1435 214 1506 hstronomi
226 1426 346 1500 tabulas
358 1420 425 1498 suas
436 1426 477 1496 ad
495 1421 731 1494 obseruationes
751 1430 949 1522 antiquiores
965 1453 1157 1528 exegerant,
1179 1459 1249 1528 qua
1268 1442 1375 1509 minus

21 1551 117 1601 erant
134 1548 279 1598 accurata
290 1581 302 1610 ,
315 1528 418 1620 quam
437 1522 639 1619 posteriores.
671 1523 799 1590 littores
812 1526 867 1684 psui
881 1525 915 1587 in
929 1524 1069 1595 motibus
1088 1525 1287 1624 planetarum
1300 1558 1377 1631 per.

23 1629 91 1723 tipi
102 1643 285 1718 nequeunt,
326 1624 423 1713 uique
433 1620 527 1685 vitari
544 1619 668 1711 penitus
688 1637 754 1683 non
768 1641 812 1713 po
839 1638 915 1705 unt,
928 1618 1083 1716 paulatim
1093 1645 1271 1714 excrevere,
1286 1633 1376 1726 iique

24 1742 130 1790 motus
138 1738 213 1787 ante
224 1645 387 1812 simplices
399 1719 431 1785 dt
442 1707 623 1808 aequabiles,
640 1718 706 1796 jam
719 1709 888 1807 composti
902 1722 934 1785 δι
949 1716 1119 1809 inaequales
1126 1719 1235 1813 postea
1252 1726 1376 1796 inventi

23 1810 233 1907 snnt‚neque
248 1811 308 1883 illae
320 1805 547 1904 inaequalitates
559 1805 664 1873 statim
677 1799 746 1874 sunt
757 1803 999 1894 animadversae,
1025 1807 1075 1878 sed
1087 1813 1156 1909 post
1170 1811 1301 1913 longam
1317 1844 1376 1891 an.

27 1933 134 1981 norum
145 1902 276 1981 seriem.
297 1911 337 1977 Et
351 1927 459 1974 tamen
476 1900 524 1970 hae
536 1896 650 1970 tabulae
664 1922 730 1967 non
747 1897 874 1969 inutiles
886 1899 1015 1974 fuerunt
1025 1961 1035 1990 ,
1046 1911 1127 2000 quin
1143 1911 1240 1979 etiam
1255 1936 1378 2010 magno

28 1999 92 2077 suut
102 2003 174 2076 risui
186 2000 372 2074 definiendis
385 1993 585 2095 temporibus
599 2048 612 2080 ,
625 2001 661 2066 st
672 1995 812 2093 periodis
826 1999 908 2067 inter
923 1994 1158 2072 observationes
1174 2010 1321 2108 antiquas
1341 2019 1378 2086 δι

30 2106 212 2174 recentiores
224 2096 437 2169 numerandis.

71 2203 119 2268 lta
141 2196 211 2268 fere
234 2193 359 2266 tabulas
379 2215 529 2263 motuum
554 2212 691 2282 quatuor
719 2184 889 2263 satellitum
918 2216 956 2263 er
981 2193 1156 2267 collatione
1176 2194 1381 2276 observatio:
1500 2238 1504 2245 ·

35 2316 102 2364 nuru
112 2288 244 2364 suarum
264 2315 340 2362 curn
354 2294 393 2359 iis
405 2313 476 2383 quae
489 2288 510 2357 fa
525 2284 660 2356 Galilaeo
679 2281 771 2355 faeta
793 2280 884 2372 sunt,
908 2295 1065 2384 pertexuit
1086 2291 1246 2368 Callinus.
1287 2299 1377 2372 Cum

36 2410 130 2458 autem
154 2386 305 2458 Galilaeus
321 2383 406 2456 tubis
426 2385 542 2481 opticis
566 2378 669 2451 adhuc
701 2378 897 2476 impersrdiis
919 2380 989 2453 usus
1007 2380 1083 2455 esset
1106 2442 1116 2471 ,
1143 2394 1264 2482 primus
1282 2396 1378 2490 jovis

37 2478 145 2554 satelles
169 2480 545 2576 conjun&ustumjove
559 2478 659 2548 videti
681 2479 788 2575 potuit
802 2530 820 2561 ,
840 2483 874 2546 &
897 2472 995 2639 reipsa
1018 2476 1101 2547 visus
1129 2483 1199 2565 est,
1221 2488 1377 2556 cumali.

40 2597 110 2672 prot
121 2574 275 2676 gradibus
291 2573 339 2644 sui
356 2576 442 2672 patri
462 2571 572 2644 circuli
586 2595 686 2669 quem
697 2571 912 2665 cireaJoirem
953 2567 1080 2642 rescribit
1092 2627 1103 2659 ,
1116 2571 1158 2644 ab
1176 2601 1218 2646 eo
1238 2575 1376 2653 distaret.

41 2671 298 2743 shannatus.
317 2671 356 2740 ad
378 2693 497 2739 annum
510 2681 599 2759 1692·
626 2665 678 2740 seu
704 2671 788 2738 intra
809 2661 947 2764 spatium
974 2694 1031 2760 24·
1047 2692 1233 2758 annorum,
1255 2677 1379 2769 priores

41 2766 146 2841 tabulae
159 2791 257 2838 novas
279 2793 316 2837 ιο
336 2763 484 2862 gradibus
502 2785 706 2837 antevertunt
726 2789 736 2836 ι
758 2763 839 2833 adeo
862 2786 898 2834 ut
917 2765 1001 2832 intra
1025 2787 1145 2836 annum
1169 2789 1274 2838 motus
1290 2769 1376 2843 cele-

10 2838 14 2955 l
43 2869 92 2934 rior
108 2861 146 2934 fit
164 2866 197 2932 in
219 2859 375 2960 prioribus
391 2856 515 2931 tabulis
544 2886 581 2946 4.
603 2854 765 2945 secundis,
790 2881 863 2955 quae
884 2854 1008 2927 detrahi
1032 2867 1176 2956 oportuit
1196 2861 1377 2937 revolutio.
1404 2907 1406 2910 -

45 2961 175 3055 niprimi
193 2953 368 3028 satellitist
400 2979 466 3051 qua
488 2955 528 3025 de
556 2979 591 3025 te
613 2955 801 3026 idemtidem
834 2950 948 3023 redibit
978 2947 1093 3027 sermo.
1142 2965 1264 3031 Verum
1299 2985 1377 3033 cum

45 3049 93 3124 hor
114 3078 200 3124 uino
227 3051 275 3121 hae
295 3048 409 3122 tabula
430 3054 550 3147 priores
569 3046 691 3142 publici
709 3052 786 3137 juris
816 3045 908 3114 faeta
934 3044 1053 3118 fuerint
1080 3105 1090 3136 ,
1117 3049 1282 3125 occasione
1303 3058 1377 3128 data

46 3171 95 3220 oon
112 3154 276 3246 potuimus
296 3170 365 3218 tam
382 3143 524 3244 praeclari
544 3147 686 3228 inventi,
708 3147 742 3212 δε
761 3137 972 3238 Geogtaphiae
995 3143 1214 3218 instaurationi
1235 3151 1378 3246 perutilis

45 3248 128 3339 prima
144 3244 233 3316 velut
254 3240 449 3317 incunabula
472 3236 601 3312 slentio
618 3237 868 3338 pretermittere.
891 3236 971 3334 Jam
992 3238 1009 3309 ὲ
1028 3234 1139 3317 semita
1163 3248 1197 3314 in
1215 3251 1301 3317 viam
1324 3271 1378 3320 re..

9 3340 14 3417 l
45 3338 163 3414 burm.
587 3405 592 3417 .

9 3440 13 3485 ³
78 3445 114 3512 l'.
151 3438 242 3509 Cum
265 3440 313 3513 D.
337 3431 481 3507 Celsinus
508 3457 616 3506 recens
638 3437 672 3504 in
699 3430 838 3505 Galliam
862 3430 994 3506 venisset
1014 3435 1036 3506 d
1059 3438 1226 3507 Ludovico
1250 3442 1378 3535 Magno

38 3536 142 3604 aeditis
153 3556 300 3619 noram,
322 3534 585 3617 Geometricam,
601 3539 635 3603 ὅ(
649 3529 803 3600 direuam
815 3533 959 3627 Apogaea
974 3587 985 3615 ,
1002 3536 1294 3603 &excentricitates
1311 3589 1321 3620 ,
1343 3545 1378 3605 st

39 3628 199 3698 anomaliae
211 3625 416 3724 planetarum
428 3624 608 3698 inveniendi
626 3628 814 3710 rationem,
865 3627 928 3694 uod
944 3625 989 3693 ell
1006 3629 1199 3721 praecipuum
1221 3626 1380 3698 Astrono-

37 3727 107 3795 mia
121 3720 388 3803 sundanentum,
407 3714 595 3819 proposuit,
612 3744 711 3816 quam
727 3723 772 3791 D.
789 3651 923 3816 Galloys
941 3719 1041 3789 diario
1059 3720 1263 3790 Eruditorum
1279 3745 1306 3793 ι,
1320 3730 1378 3795 Se-

33 3813 382 3913 ptembtisaoni1669.
402 3811 542 3889 inseruit.
575 3817 741 3888 Hastenus
767 3816 981 3886 Astronomiae
1005 3818 1187 3914 principes,
1210 3839 1245 3887 ut
1269 3822 1379 3891 Ptole.

33 3935 134 3982 rnaeus
147 3964 160 3996 ,
173 3913 224 3982 co
300 3918 390 4000 icus,
405 3906 503 3982 &alii
526 3914 732 3983 Geometrica
746 3911 900 3981 methodo
918 3909 957 3979 ad
984 3934 1056 3979 eam
1077 3934 1146 3979 tem
1160 3913 1297 3983 destituti
1324 3944 1379 4015 pet

109 4032 150 4077 os
174 4013 207 4078 δι
239 4010 245 4018 ’
303 4007 359 4078 iles
374 4003 572 4076 calculorum
591 4003 753 4077 anstasius
772 4012 805 4076 dt
819 4004 910 4076 falsas
923 4000 1114 4101 hypotheses
1136 4062 1147 4093 ,
1170 4032 1248 4105 quas
1272 4032 1381 4085 tamen

153 4098 347 4199 explorando
366 4158 377 4189 ,
393 4109 428 4174 δι
441 4096 529 4196 quafi
551 4098 712 4200 palpando
731 4123 892 4171 correxere
907 4157 917 4187 ,
933 4104 1074 4195 Apogaea
1089 4098 1287 4193 planetarum
1307 4165 1317 4194 ,
1346 4119 1382 4180 δι

31 4193 497 4292 uoentricitatesquaefierant,
515 4220 554 4267 ac
571 4219 685 4293 paucas
705 4192 962 4277 observationes,
989 4216 1050 4261 tres
1072 4191 1190 4269 scilicet
1217 4222 1271 4269 aut
1297 4227 1383 4296 qna-

32 4313 100 4366 twr
112 4294 154 4364 ad
173 4288 340 4365 summurn
349 4287 499 4362 adhibere
511 4293 617 4362 coadii
628 4288 763 4374 finiant,
782 4311 818 4359 ut
829 4294 965 4360 vitarent
978 4284 1200 4363 confusionem
1213 4293 1383 4383 linearum,

29 4383 250 4487 &figurarum
265 4413 275 4457 ε
289 4412 368 4460 eum
382 4408 491 4457 tamen
502 4382 692 4486 hypotheses
704 4410 743 4457 eo
756 4379 815 4457 sint
837 4390 1009 4470 certiores,
1026 4389 1095 4479 qud
1120 4387 1260 4486 pluribus
1277 4387 1385 4462 obser·

32 4482 209 4555 vadorubus
222 4487 380 4554 nituntur.
1078 4498 1082 4506 ’
1153 4498 1192 4543 ‘l

71 4579 217 4676 Utrique
229 4575 306 4649 huic
320 4577 533 4650 incommodo
549 4589 614 4674 jam
626 4603 713 4650 anno
731 4590 787 4662 ι6ς
793 4603 818 4666 3.
835 4579 1010 4651 remedium
1023 4572 1231 4678 proposuerat
1244 4581 1290 4652 D.
1304 4575 1384 4648 Cas-

34 4671 128 4764 iata,
152 4699 232 4744 curn
252 4679 410 4745 Bononiae
438 4675 678 4745 Astronomiam
703 4672 926 4787 profiteretur,
951 4682 997 4746 uti
1017 4679 1123 4749 videre
1143 4677 1185 4747 eli
1208 4680 1239 4744 in
1253 4674 1385 4769 epistola

34 4789 95 4847 uu
108 4767 211 4844 abeo
226 4764 371 4872 scripta,
393 4795 465 4871 qua
485 4768 574 4845 sexto
592 4770 753 4848 volumini
769 4796 905 4870 operum
923 4777 1009 4846 Petri
1027 4771 1175 4845 Gaffendi
1195 4763 1307 4839 inserta
1327 4768 1385 4858 est,
