3646 5430
408 343 438 441 ‘t
720 331 918 414 rtcrrr
981 330 1426 416 scrrnrrrrturr

277 438 309 515 'A
322 471 346 519 tt
359 472 396 522 tt.
414 447 459 517 Ι).
475 435 611 516 colbert
626 432 787 534 selegerat,
802 431 860 506 suae
876 431 1033 508 societatis
1046 462 1157 506 amore
1168 437 1280 523 ducti,
1296 455 1488 534 quampene
1501 428 1681 533 negleslam
1694 424 1771 507 ceti

277 555 372 618 t665.
410 539 554 624 nebant,
574 536 718 607 auctores
732 532 780 603 illi
796 531 904 618 suere,
923 555 958 604 nt
979 533 1112 602 eandem
1123 529 1354 629 benignitatem
1372 540 1407 605 dc
1433 557 1541 602 curam
1564 537 1597 602 in
1619 555 1766 604 veterem

409 635 620 704 Academiam
631 625 812 714 conferret,
829 654 929 722 quam
942 628 1017 700 huic
1038 651 1130 697 novae
1151 624 1295 698 societati
1316 624 1498 713 tribuebat,
1514 650 1616 723 neque
1632 627 1663 695 id
1681 651 1769 723 opus

407 728 470 800 else
495 754 530 801 ut
552 721 662 799 diversi
695 747 798 795 coetus
819 720 929 793 iisdem
951 721 1102 794 derebus
1125 746 1316 818 cogerentur
1338 782 1349 810 ,
1373 720 1543 821 prasertim
1563 747 1637 792 cum
1662 725 1766 796 iidem

406 846 578 920 utramque
603 822 812 892 Academiam
825 842 1083 918 componerent:
1106 845 1165 890 nec
1189 818 1395 903 dubitabant,
1414 823 1493 914 quin
1511 818 1565 888 illa
1586 819 1766 890 Academia

432 923 575 992 rillinum
585 917 676 988 suum
687 911 885 1011 splendorem
905 913 1165 1012 recuperaret,st
1188 917 1260 986 Rex
1283 919 1446 986 Maximus
1468 940 1540 983 earn
1552 913 1606 982 lua
1616 910 1764 982 benevo-

404 946 504 1089 sentia
527 1013 646 1110 suoque
667 1006 808 1107 praefidio
822 1013 996 1109 compleffl
1010 1013 1205 1106 dignaretur.
1243 1008 1423 1082 confilium
1443 1009 1523 1079 illud
1537 1010 1665 1079 homini
1679 1033 1763 1106 pru-

407 1108 589 1184 dentisstmo
609 1134 675 1179 non
698 1104 825 1203 probari
852 1132 919 1177 non
945 1112 1075 1204 potuit,
1096 1111 1154 1202 qui
1167 1108 1208 1177 ad
1233 1108 1456 1180 restituendam
1474 1101 1765 1178 &sustentandam

321 1236 325 1251 ·
407 1204 498 1280 illam
519 1209 727 1278 Academiam
747 1209 893 1275 animum
909 1207 1050 1294 adjunxit
1072 1260 1082 1290 ,
1104 1229 1143 1272 ac
1188 1208 1273 1274 aucis
1294 1202 1364 1302 post
1389 1205 1480 1272 annis
1502 1225 1577 1271 cnm
1594 1196 1766 1269 illustrissi-

408 1327 480 1372 mus
489 1305 668 1400 Seguietius
682 1304 817 1370 Francia
833 1299 1052 1371 Cancellatius
1062 1301 1149 1371 diem
1162 1230 1253 1370 situm
1266 1293 1410 1384 obiisset,
1427 1298 1609 1367 Ludovicus
1618 1301 1765 1391 Magnus

406 1394 491 1467 hanc
504 1401 699 1468 Societatem
712 1398 745 1464 in
761 1393 847 1465 suam
860 1393 1042 1465 clientelam
1052 1400 1177 1493 accepit
1194 1450 1205 1479 ,
1226 1397 1314 1491 qnod
1332 1391 1385 1492 illi,
1398 1389 1485 1488 quast
1507 1413 1763 1463 novum-orrum

406 1492 504 1567 dedit.
519 1496 608 1593 Qin
622 1501 655 1562 δι
672 1499 713 1563 D.
731 1490 909 1562 Colbettirt
922 1488 1017 1581 hujus
1029 1496 1173 1587 corporis
1183 1496 1378 1562 Societatem
1391 1486 1496 1559 ascisci
1512 1512 1577 1556 non
1593 1483 1764 1573 recusavit,

406 1593 442 1659 δι
452 1592 611 1659 interdurn
622 1588 757 1658 coeribus
767 1585 888 1674 adelle,
911 1591 956 1657 ita
968 1607 1003 1655 ut
1015 1610 1183 1685 nunquam
1199 1596 1322 1682 majore
1334 1589 1368 1657 in
1379 1585 1506 1655 honore.
1520 1605 1579 1650 aut
1595 1577 1766 1678 splendore

407 1679 505 1779 suerit
522 1682 648 1754 illustris
669 1682 736 1754 haec
758 1686 910 1752 Societas.

459 1785 520 1855 VI.
552 1782 661 1874 Atque
674 1779 761 1849 hunc
776 1778 888 1849 habuit
899 1787 1021 1852 exitum
1037 1784 1265 1854 humaniorum
1283 1780 1460 1851 litterarum
1484 1776 1622 1864 Schola,
1640 1801 1675 1848 ur
1695 1791 1764 1848 voi

405 1886 482 1946 cant
497 1878 623 1960 Gtaeei,
645 1899 746 1968 caque
761 1900 836 1944 cum
854 1876 1025 1946 Academia
1035 1882 1182 1947 francica
1196 1871 1328 1946 confusa
1343 1875 1386 1943 est
1403 1907 1408 1941 :
1427 1876 1508 1944 adeo
1521 1897 1555 1945 ut
1570 1877 1761 1946 Geometra⁴

404 1993 480 2041 rum
495 1979 529 2043 dt
550 1969 596 2039 Ph
622 1967 759 2037 ficorum
780 1969 953 2039 Academia
969 1966 1035 2041 sola
1054 1973 1250 2067 perstiterit,
1282 1995 1352 2066 quae
1375 1977 1561 2069 ptimaevam
1591 1968 1637 2039 sui
1668 1968 1762 2042 ortds

402 2068 476 2229 gipsi
504 2073 536 2137 δι
558 1996 657 2133 ιοζιιι
678 2062 802 2161 semper
824 2068 984 2155 retinuit,
1010 2091 1070 2139 nec
1091 2071 1130 2135 de
1149 2069 1282 2169 pristino
1306 2063 1364 2138 suo
1389 2067 1492 2136 studio
1508 2071 1685 2164 quicquam
1703 2088 1760 2145 rei

463 2185 500 2236 ιι.

451 2259 502 2327 Ac
513 2257 738 2329 Mathematici
747 2263 878 2355 quidem
888 2268 983 2360 primi
992 2262 1104 2333 sexaut
1113 2263 1233 2361 septem
1241 2263 1281 2334 ad
1290 2256 1452 2332 summum
1461 2285 1639 2330 converrere
1649 2257 1760 2332 mense

396 2351 505 2455 Junio
519 2358 595 2424 anni
612 2369 705 2429 1666.
728 2360 776 2428 Hi
792 2383 890 2448 porto
903 2384 992 2431 erant
1013 2364 1058 2432 D.
1078 2364 1124 2435 D,
1146 2362 1269 2431 Carcav
1304 2362 1486 2454 ,Hugens,
1509 2358 1548 2426 de
1563 2356 1730 2428 Rnberval
1742 2413 1757 2443 ,

405 2447 567 2534 Frenicle,
595 2451 761 2537 Anzoult,
782 2455 896 2523 Picatd
921 2463 955 2525 dc
980 2460 1074 2528 Buor.
1099 2459 1209 2550 Atque
1221 2479 1258 2527 ea
1270 2385 1332 2524 suit
1347 2459 1449 2549 prima
1464 2453 1557 2544 hujus
1574 2453 1759 2524 Academiae

404 2543 584 2634 institutio,
598 2571 670 2644 quar
681 2573 720 2616 ex
733 2552 916 2619 Geometris
929 2576 1008 2646 pene
1022 2547 1095 2621 solis
1108 2548 1212 2621 adhuc
1225 2549 1397 2621 constabat.

414 2994 416 2999 .
847 2881 1142 2969 CAPUT
1240 2885 1319 2967 li

402 3010 415 3082 l
697 3103 755 3173 De
765 3097 897 3208 primis
917 3091 1023 3214 hujus
1040 3093 1261 3183 eAcadrmiae
1288 3095 1456 3181 exordiis.

403 3298 601 3476 bHOc
630 3302 781 3376 omnibus
798 3307 983 3379 Academiis
1010 3333 1081 3400 quae
1112 3307 1217 3379 nostra
1238 3304 1298 3377 hac
1317 3329 1410 3376 aetate
1433 3309 1561 3378 intuta
1588 3326 1668 3403 pene
1687 3307 1757 3378 Etr-²

544 3425 622 3497 ropa
639 3398 710 3472 sunt
729 3403 896 3489 instituta,
920 3400 1119 3501 propositum
1135 3404 1224 3487 suit,
1262 3427 1296 3472 ιιι
1323 3400 1489 3499 Phyficam
1516 3412 1550 3473 δι
1575 3397 1755 3500 disciplinas

402 3514 528 3661 gttaeex
544 3519 580 3565 ea
600 3495 779 3586 fluxerunt,
805 3496 1077 3571 observationibus
1101 3509 1133 3571 δι
1157 3503 1377 3593 experimentis
1403 3526 1468 3567 non
1494 3501 1613 3570 temere
1639 3507 1673 3568 δι’
1695 3523 1754 3566 ca-

419 3613 439 3658 u
460 3646 471 3677 ,
496 3586 547 3661 sed
568 3617 653 3663 certa
667 3598 790 3666 ratione
803 3605 837 3668 de
855 3593 989 3666 consilio
1008 3595 1099 3666 fastis
1123 3591 1285 3666 subnixam
1305 3595 1504 3667 illustrarent.
1534 3595 1754 3666 Nullosenim

401 3684 583 3851 progressus
600 3687 695 3759 faciet
707 3690 824 3761 nobilis
837 3693 891 3762 illa
906 3695 1044 3765 Scientia
1068 3751 1076 3768 ,
1105 3692 1245 3787 qrrrmdin
1271 3695 1355 3760 ratio
1380 3690 1420 3759 ab
1439 3695 1630 3786 experientia
1649 3689 1754 3756 divel-

417 3802 509 3864 ttur‚
527 3805 581 3851 aut
599 3789 687 3877 vagis
702 3784 890 3879 quibusdam
906 3795 938 3856 dc
960 3785 1098 3855 confrrfis
1114 3787 1297 3856 notionibus·
1316 3790 1457 3856 contenti
1478 3793 1560 3855 ritca
1580 3782 1754 3854 terborum

402 3897 526 3972 pugnas
548 3873 733 3963 hare-buum
757 3904 833 3947 curn
856 3883 992 3976 deniqne
1016 3878 1081 3976 sylb
1094 3907 1179 3953 mata
1192 3907 1229 3949 ac
1248 3883 1410 3953 libidinem
1435 3879 1540 3951 efficti
1565 3880 1650 3948 velut
1677 3876 1755 3949 fun-

402 3970 553 4039 demenra
571 3970 646 4041 huic
662 3968 795 4045 scientia
813 3969 1056 4051 substernerunt.
1102 3983 1190 4048 Nam
1210 3984 1345 4073 genuina
1372 3978 1582 4075 Philosophia
1601 3974 1757 4046 naturalis

401 4067 561 4165 principia
576 4061 647 4138 sunt
659 4067 895 4143 observationes
912 4081 944 4144 dc
966 4080 1193 4169 experimenta.
1229 4079 1291 4146 His
1315 4079 1450 4167 urique,
1473 4100 1507 4142 ιιι
1520 4072 1753 4142 aliolocomo-

398 4163 550 4241 numius,
572 4159 811 4247 stdestituatur,
831 4195 911 4261 vaga
934 4173 993 4239 erit
1012 4179 1044 4241 dr
1058 4174 1189 4244 incerta.
1216 4175 1316 4247 Ratio
1335 4177 1454 4268 quippe
1475 4167 1539 4238 fine
1559 4170 1754 4264 experientia

401 4262 437 4329 dc
449 4252 505 4325 sibi
517 4264 571 4329 uni
586 4257 695 4330 relicta
713 4262 894 4336 velurnavis
906 4263 1345 4362 linegubernaroreflnsluar.
1371 4292 1409 4334 nc
1429 4263 1565 4338 vicissim
1589 4266 1755 4359 experien-

396 4355 447 4423 tia
459 4356 509 4421 cui
522 4359 605 4427 ratio
621 4379 688 4425 non
705 4359 854 4456 ptaelucer
871 4421 882 4451 ,
905 4388 986 4437 caeca
1003 4367 1047 4435 est
1068 4365 1287 4434 &inconsulti
1301 4421 1311 4449 ‚
1326 4389 1386 4432 nec
1399 4366 1578 4460 quicquam
1591 4359 1656 4429 scre
1675 4357 1756 4428 utile

399 4472 556 4546 procreat.

400 4596 403 4601 -
449 4549 492 4614 Il.
530 4549 574 4617 Ea
598 4549 729 4644 quidem
749 4577 929 4643 ntentc,eo
945 4557 1077 4627 consilio
1098 4560 1277 4629 Ludoeicus
1292 4560 1432 4653 Magnus
1462 4558 1670 4627 Academiam
1688 4555 1761 4626 sor·

400 4661 488 4747 mate
507 4640 616 4750 'statuit
633 4670 674 4715 ex
699 4655 775 4720 viris
788 4657 942 4722 nimirum
962 4653 1049 4723 fatua
1074 4665 1108 4725 &
1129 4657 1260 4723 nomine
1282 4661 1344 4740 jam
1367 4658 1534 4753 cognitis,
1563 4651 1664 4747 iisque
1689 4679 1758 4726 non

398 4735 642 4821 etudtttsmodo
653 4800 665 4834 ,
685 4742 735 4851 sed
750 4751 839 4846 quod
853 4761 956 4849 majus
974 4751 1044 4840 est,
1066 4752 1203 4850 expertis
1221 4747 1396 4828 conflatam
1419 4805 1431 4840 ,
1458 4753 1517 4848 qui
1539 4749 1642 4825 multa
1666 4748 1761 4850 legis.
