3646 5430
403 334 753 416 'dCADEMlAE
790 341 1116 422 HISTORIA.
1156 345 1248 424 Lu.
1271 352 1302 422 1.
1466 363 1525 436 tos

427 790 747 901 s‘EeTIO
872 805 1253 913 OCTAVA.

167 1029 231 1122 De
258 1016 398 1135 Rebus
424 1022 728 1123 rAsltonomicit
744 1058 831 1166 quae
866 1039 977 1126 anni
1014 1046 1136 1154 1671.
1164 1051 1226 1147 (9⁶
1258 1063 1334 1154 72.
1358 992 1526 1167 discuffe

168 1182 172 1187 ’
763 1163 953 1305 ficerunt.
1516 1278 1521 1288 Ι

166 1339 271 1516 H
284 1333 423 1445 Αῶαιιιξ
434 1337 608 1431 precipuae
621 1332 796 1425 Academia
813 1341 1053 1412 exercitationes
1072 1336 1230 1441 prionbua
1249 1335 1318 1411 fere
1342 1332 1402 1409 suae
1421 1314 1526 1437 origi-¹

280 1435 329 1501 uia
343 1451 435 1592 ponis
456 1427 722 1595 peradiasnpaulo
737 1426 868 1539 uberitls
884 1432 1097 1533 exposuimus.
1141 1440 1241 1510 Nunc
1266 1431 1409 1547 prellioti
1427 1433 1524 1547 'liylo

173 1527 529 1720 ddednstadluddldalndb
537 1520 1056 1697 ppmntpunepplppsbffiffl
1067 1529 1473 1700 zold‘rldudpdxtdrdbdddm
1485 1525 1526 1602 fig

512 1949 790 2035 CAPUT
870 1952 1197 2046 PRIMUM.

608 2173 666 2240 De
694 2162 801 2272 degit
828 2158 1087 2276 obstruentis.

172 2361 196 2433 1.
211 2359 255 2529 I
270 2359 309 2431 N
331 2380 406 2430 eam
429 2355 590 2456 precipue
606 2377 717 2425 curam
744 2362 819 2428 &c
867 2360 1033 2428 'tationem
1044 2357 1190 2429 incubuit
1213 2357 1524 2440 Mathematicortrm

277 2475 381 2525 coents
406 2509 417 2542 ‚
441 2475 479 2522 ut
500 2451 709 2522 Alltonomia
732 2473 833 2547 quant
861 2477 894 2521 m
914 2449 984 2521 fieri
1007 2450 1133 2548 posset,
1155 2475 1411 2547 promoveretur.
1443 2463 1525 2532 Eam

171 2546 263 2625 fuiffe
291 2551 397 2646 Regis
414 2542 666 2620 Cbtillimisslmi
689 2568 834 2618 mentem
850 2568 886 2618 ut
912 2544 1031 2619 nobilis
1045 2543 1113 2617 hec
1133 2542 1292 2631 scientia,
1316 2569 1382 2642 que
1410 2548 1527 2624 abditu

173 2647 313 2742 quidem
329 2648 364 2714 in
379 2641 469 2716 rebus
491 2638 651 2726 versatur,
667 2637 718 2712 sed
745 2638 880 2741 publicis
901 2642 1107 2730 commodis,
1131 2646 1343 2740 Navigationi
1364 2647 1410 2713 im
1435 2647 1526 2716 rimie

173 2735 352 2836 &Geogra
375 2738 433 2811 bia
443 2794 456 2829 ,
469 2742 537 2810 itno
557 2744 591 2809 &
615 2736 796 2835 Religionis
811 2737 996 2825 Christiana
1017 2741 1243 2838 propagationi
1268 2762 1336 2810 tam
1357 2668 1444 2810 utilis
1468 2748 1525 2834 ju·

169 2838 319 2923 dicatur,
337 2763 375 2906 tl
380 2839 579 2934 imperante,
605 2856 723 2929 magna
742 2857 868 2932 caperet
882 2838 1105 2922 incrementa,
1125 2856 1163 2904 ac
1184 2831 1315 2999 loupitls
1331 2835 1432 2929 quam
1459 2856 1526 2906 una

171 2959 269 3030 quam
289 2927 647 3029 antea'ptoveltetetur.
672 2929 773 3025 Qud
790 2952 826 3001 ut
841 2928 1027 3029 perficeret,
1046 2934 1132 3000 viros
1154 2952 1222 2999 non
1255 2929 1348 3002 olrlm
1378 2931 1396 3001 ὲ
1418 2930 1526 3001 Gallia

1537 433 1656 530 οὖρα

169 3033 199 3099 in
225 3034 266 3100 iis
288 3023 461 3125 disciplinis
478 3021 751 3096 exercitatrffimos
770 3020 921 3135 selegerat
943 3022 1024 3112 ,sed
1040 3029 1139 3096 etiam
1160 3047 1199 3096 ex
1218 3023 1400 3098 nationibus
1412 3029 1527 3098 exteris
1572 3065 1576 3072 ·

164 3116 1051 3313 1118ξῖἙξωςῗώωὲιῗῃὲίειῖιᾞῗῗῧῖυὲᾜξὲἑω
1075 3270 1087 3302 ,
1113 3219 1147 3286 in
1165 3241 1234 3314 quo
1247 3240 1334 3290 nunc
1353 3214 1527 3309 cernitur}

168 3311 593 3483 pererebrauaceunras
605 3305 840 3382 observationes
932 3314 1060 3399 merit,
1084 3335 1191 3409 neque
1210 3337 1282 3401 ea,
1311 3338 1347 3388 ut
1375 3342 1433 3413 par
1454 3319 1523 3402 eli,

189 3438 233 3484 ert
253 3406 399 3510 possint,
419 3401 477 3478 nist
491 3411 525 3477 in
537 3405 614 3476 loeo
630 3401 780 3476 sideribus
797 3408 841 3478 ob
855 3407 999 3517 ervandir
1020 3408 1140 3479 idoneo
1155 3464 1165 3496 ‚
1180 3413 1215 3479 in
1235 3433 1304 3506 quo
1329 3412 1442 3508 praesto
1464 3409 1525 3482 lint

166 3510 378 3582 instrumenta
390 3498 545 3595 exquire
564 3496 752 3572 elaborata:
772 3504 844 3571 Rex
862 3496 1090 3572 Invisttllimus
1106 3511 1172 3588 jam
1185 3525 1259 3573 ante
1279 3504 1405 3600 aliquot
1424 3525 1527 3575 annor

169 3604 278 3674 locum
301 3598 379 3672 huic
402 3601 449 3668 tei
462 3592 655 3693 aptissimum
677 3599 711 3665 in
731 3601 776 3669 D.
796 3594 907 3695 Jacobi
928 3591 1078 3663 suburbio
1096 3593 1330 3705 designaverat,
1343 3602 1400 3691 qui
1411 3599 1545 3692 editior·
1696 3645 1698 3652 ·

175 3721 246 3768 cum
265 3695 327 3785 fit,
349 3694 451 3767 sumis
463 3699 497 3766 δι
507 3689 679 3790 vaporibus
692 3693 798 3763 minus
812 3688 982 3761 obducitur
1001 3744 1012 3776 ,
1039 3685 1210 3786 prasetnm
1224 3691 1264 3760 ad
1278 3691 1527 3765 Meridionalem

176 3790 301 3888 plagam
314 3790 371 3862 ubi
385 3786 619 3887 frequentiores
632 3784 703 3856 sunt
721 3787 923 3858 Planetatum
942 3778 1199 3873 obscurationes,
1215 3808 1313 3884 atque
1326 3810 1364 3859 ex
1384 3811 1426 3861 eo
1445 3785 1527 3861 libet

175 3894 214 3956 δι
226 3891 495 3980 inomneapartes
512 3878 696 3982 prospelkus
707 3903 806 3978 patet.

233 3985 311 4053 111.
331 3976 510 4052 AEdilicium
533 3989 597 4071 jain
620 3998 694 4048 ante
704 3976 831 4072 aliquot
843 4003 945 4050 annos
963 4001 1108 4078 eoeptum
1131 4035 1142 4066 ,
1168 3986 1202 4052 ὅ(
1227 3979 1401 4079 magnifico
1427 4004 1527 4078 opere

173 4077 336 4149 struetun
355 4072 492 4147 habitari
512 4077 609 4168 coepit
625 4076 649 4171 i
668 4077 715 4144 D.
741 4071 872 4146 Callino
895 4071 1003 4144 mense
1024 4071 1205 4172 Septembri
1226 4080 1302 4147 anni
1328 4094 1413 4165 1671.
1436 4082 1526 4148 Tum

174 4180 257 4244 vero
284 4173 516 4244 Aslronomieis
542 4164 815 4241 observationibus
843 4194 974 4267 operam
995 4169 1082 4240 dedit
1107 4225 1117 4256 ‚
1137 4193 1235 4268 atque
1257 4167 1527 4261 Observatorium

171 4274 264 4339 omni
285 4291 401 4366 genere
413 4266 698 4337 instrumentorum
710 4262 985 4340 instruetumfuir.
1004 4261 1194 4362 Teleseopia
1213 4273 1306 4338 variae
1320 4265 1529 4366 longsslinis

172 4361 251 4435 soris
266 4373 302 4438 &
315 4368 401 4436 intus
419 4356 588 4461 disposita,
602 4383 640 4430 ex
653 4358 769 4460 quibus
786 4359 942 4433 nonnulla
965 4359 1005 4432 ad
1027 4372 1072 4433 60
1096 4354 1196 4459 usque
1222 4364 1366 4463 pedes&
1387 4362 1527 4463 amplius

197 4461 405 4531 inducuntur.

177 4484 196 4554 P
222 4561 296 4628 Nec
317 4551 441 4626 neeesse
463 4557 507 4626 ell
526 4555 719 4655 lingularum
742 4556 836 4645 bujut
853 4552 1066 4658 Vranoscopii
1086 4562 1226 4657 partium
1247 4562 1330 4629 inter
1347 4553 1377 4627 se
1395 4564 1429 4627 δι
1450 4578 1527 4624 cum

173 4649 307 4722 edificio
321 4647 544 4749 symmetriam
558 4674 614 4723 aut
626 4658 869 4750 proportionem
882 4650 1068 4732 describere.
1093 4659 1175 4730 Haeo
1188 4660 1275 4730 enim
1289 4652 1398 4752 figuris
1409 4646 1526 4742 tnelitla¹

175 4754 210 4819 de
225 4747 343 4824 clatitls
363 4745 598 4850 qudmreerbia
622 4769 833 4847 exponuntur·
923 4753 933 4761 ”
1515 4792 1518 4796 »
