3646 5430
198 476 200 480 ,
255 415 261 425 ·
378 382 730 477 ac'rrs‘r'srru
776 391 1265 478 nrsrourntnnv.
1485 411 1547 504 'tis

167 493 237 597 Qui
255 494 301 571 esf
318 523 348 592 15
368 500 489 588 Luna,
504 498 556 571 sed
575 503 608 568 in
620 499 754 570 alteram
771 499 857 568 diem
874 500 1088 569 Dominicam
1100 498 1308 570 differebatur
1326 553 1338 585 ,
1363 498 1454 597 qudd
1469 505 1545 574 nol·
1563 508 1689 609 Astron

169 595 246 668 dent
258 621 300 666 eo
318 597 368 664 die
383 591 500 668 Pascha
523 591 682 667 celebrare
707 651 719 682 ‚
745 619 814 690 quo
833 591 1000 665 crucifixus
1025 594 1070 663 est
1096 601 1287 668 Dominus:
1306 595 1338 665 id
1357 620 1437 667 vero
1458 621 1545 671 nunc
1561 627 1643 692 nm,

174 695 335 790 temporis
355 717 422 761 non
451 689 586 763 obtinet.
610 688 815 761 Alexandrini
835 682 984 786 Episcopi
1009 686 1168 762 Paschatis
1193 691 1278 761 diem
1295 693 1364 786 post
1379 696 1546 786 Nicenum

175 785 373 857 Concilium
388 788 598 859 determinare
612 783 717 866 soliti,
746 786 837 881 qudd
855 783 1069 856 Astronomiae
1087 787 1224 857 lludium
1240 786 1546 878 Alexandrinflore-
1568 848 1575 863 .

168 886 227 953 r'et
245 940 255 967 ,
274 881 397 979 Cyclos
420 878 584 955 P‘aschales
600 876 823 956 condiderunt.

229 987 262 1050 V
282 983 310 1051 l.
353 980 426 1050 Post
458 984 489 1048 S.
519 973 743 1081 H-yppolitum
767 975 847 1050 alter
878 978 1002 1076 Cyclas
1030 983 1076 1073 84
1103 1001 1264 1069 annorum
1292 981 1392 1074 priori
1416 998 1462 1056 ιι
1484 1004 1549 1058 ιη.-

175 1100 298 1148 norum
313 1071 375 1143 fuit
397 1069 589 1146 substitutus.
638 1065 744 1167 Hujus
772 1074 869 1173 Cycli
895 1100 1004 1146 veram
1024 1072 1189 1172 Epocham
1212 1074 1253 1142 ad
1273 1098 1395 1146 annum
1425 1083 1552 1154 Christi

177 1176 243 1262 ²93
276 1166 372 1238 refert
407 1166 608 1244 Eminentiil.
637 1169 821 1241 cardinalis
846 1174 949 1242 Noris
983 1191 1022 1243 ex
1046 1169 1171 1240 vetusto
1200 1166 1376 1267 exemplari
1403 1233 1415 1266 ,
1454 1179 1552 1275 quod

176 1264 302 1368 publici
329 1271 406 1360 juris
430 1265 520 1339 fecit.
568 1262 622 1335 Ab
650 1260 782 1361 Epocha
803 1270 839 1341 S.
865 1266 1041 1365 Hyppoliti
1063 1266 1153 1335 distat
1175 1279 1218 1354 76
1249 1267 1368 1353 annis,
1402 1298 1473 1368 quae
1500 1263 1551 1345 esf

178 1360 314 1458 Calippi
335 1363 516 1459 periodus,
536 1360 577 1432 ab
601 1359 733 1459 Epocha
748 1361 832 1460 Julii
856 1361 980 1452 Cesaris
1002 1365 1095 1434 distat
1112 1366 1145 1434 18
1164 1364 1332 1459 cyclorum
1355 1364 1546 1445 decem-no·

177 1455 303 1533 valium
323 1473 459 1528 numero
478 1456 586 1530 :adeo
615 1480 650 1528 ut
670 1461 752 1527 inter
776 1457 905 1555 cyclum
923 1459 1007 1563 Julii
1039 1453 1194 1554 Caesaris,
1219 1466 1258 1531 S.
1279 1461 1481 1559 Hyppoliti,
1509 1469 1544 1544 ἆ

177 1552 305 1656 periodi
340 1557 385 1634 84
417 1579 578 1625 annorum
612 1548 649 1622 ht
684 1555 831 1647 quadam
861 1561 1038 1631 connexio.
1071 1557 1109 1623 ln
1139 1550 1200 1623 hac
1228 1557 1389 1655 postrema
1413 1565 1546 1659 Epocha

177 1650 385 1724 novi-Lunia
409 1675 475 1721 non
497 1653 675 1746 anticipant
690 1645 935 1723 habitatatione
957 1650 1097 1751 Epochae
1120 1652 1154 1746 S.
1173 1650 1349 1751 H'yppoliti
1366 1653 1423 1724 nisi
1440 1688 1453 1751 5
1471 1660 1548 1740 hor.

180 1771 227 1840 50
253 1745 333 1816 min.
348 1743 462 1840 quibus
473 1748 537 1816 dies
549 1770 616 1814 non
632 1749 793 1833 variatur,
809 1749 889 1819 adeo
910 1768 945 1817 ut
962 1771 1000 1837 ¹3
1031 1745 1152 1844 Aprilis
1167 1742 1202 1816 fit
1220 1747 1334 1818 itidem
1353 1764 1393 1833 1‘4
1419 1755 1517 1826 Lunae¹

180 1865 228 2010 up
242 1837 404 2006 insstIabula
426 1839 606 1916 cardinalis
629 1843 731 1915 Notis
752 1844 860 1915 videre
887 1844 933 1914 est
957 1901 969 1933 ,
996 1842 1052 1915 ubi
1075 1867 1111 1930 17
1135 1841 1255 1941 Aprilis
1286 1845 1352 1914 dies
1387 1815 1547 1925 paschati}

176 1960 199 2010 C
254 1964 264 2009 1
336 1956 418 2011 ilnae'.

225 2038 319 2107 vlt.
355 2032 494 2132 Triplici
509 2029 583 2102 huic
600 2031 902 2129 Epoehae‘quartam
917 2032 989 2106 addi
1012 2030 1099 2135 posse
1120 2018 1277 2111 existimat
1300 2042 1346 2113 D.
1374 2028 1547 2136 eatinus.-

178 2143 252 2230 'qoae
265 2128 309 2198 est
322 2130 398 2197 anni
413 2153 449 2216 32
463 2126 608 2226 Epochae·
616 2128 734 2199 Christi
748 2186 760 2218 ,
777 2126 829 2200 seu
844 2132 938 2226 primi
957 2132 998 2203 ab
1013 2143 1080 2226 ejus
1093 2131 1347 2206 Resurreslione.
1366 2141 1445 2209 Hoc
1457 2146 1555 2215 enini

178 2252 270 2299 anno
281 2224 385 2295 media
399 2228 497 2297 Lunae
507 2229 695 2321 conjunctio
721 2227 833 2296 incidit
852 2229 886 2294 in
926 2234 1045 2298 rimum
1070 2232 1155 2301 diem
1171 2234 1338 2325 Januarii,
1358 2237 1390 2304 in
1414 2240 1550 2311 meridie

176 2317 421 2409 Romc'habita
439 2328 572 2394 ratione.
627 2321 681 2393 nb
703 2320 836 2418 Epocha
858 2253 937 2414 Julli
956 2320 1084 2395 Casaris
1107 2325 1200 2397 distat
1226 2327 1396 2398 intervallo
1422 2327 1553 2425 periodi:

179 2419 380 2518 Calippicae,
402 2441 500 2516 atque
516 2416 583 2488 haec
608 2415 740 2518 Epocha
762 2420 810 2490 uti
828 2412 914 2489 solet
928 2425 982 2492 D.
1003 2419 1149 2494 catinus
1173 2427 1207 2492 in
1231 2424 1406 2519 Computis
1436 2427 1553 2500 (hro.

181 2515 244 2588 nul
291 2519 359 2588 icis.

234 2541 326 2686 sgll·
339 2616 365 2682 1¹.
408 2614 487 2682 Hoc
508 2631 741 2709 argumentum·
756 2607 940 2710 prosecutus
957 2610 1004 2685 eff
1020 2614 1071 2685 die
1096 2637 1129 2683 21
1146 2613 1260 2715 julii,
1298 2604 1353 2687 ulii
1376 2616 1553 2693 annotavi?-

179 2732 330 2783 errorem
349 2707 501 2804 Scaligeri
526 2711 560 2778 in
582 2713 832 2780 Commentario
852 2733 951 2802 quem
975 2711 1074 2781 edidit
1096 2735 1184 2781 anno
1201 2739 1291 2808 1595
1314 2715 1348 2782 in
1373 2718 1556 2791 canonem*

181 2801 370 2881 Paschalem
384 2860 394 2891 ,
409 2811 442 2875 dt
464 2809 602 2875 correxit
621 2809 654 2873 in
676 2805 816 2874 editione
832 2803 959 2876 alterius
979 2810 1056 2877 anni
1080 2812 1189 2900 1598·
1227 2815 1273 2879 Ex
1292 2832 1332 2876 eo
1358 2837 1446 2882 error
1467 2816 1546 2887 Sca.

176 2903 275 2998 ligeri
301 2920 390 2970 onus
412 2898 515 2970 fuerat
541 2956 551 2985 ‚
581 2899 671 2997 quod
698 2921 765 2968 non
786 2896 966 2973 ndvertilset
988 2896 1171 2998 Ecclesiam·
1188 2907 1334 2974 hatinam
1366 2902 1446 2977 olim
1478 2935 1555 2984 non·

163 2989 350 3074 ,celebrasse
366 2993 483 3068 Pascha
497 2996 547 3066 die
564 3023 592 3086 ¹5
619 3000 739 3081 Lunae',
762 3020 837 3065 cum
859 2994 1019 3092 incidebat
1042 3001 1077 3068 in
1103 3000 1188 3068 diem
1210 3004 1436 3075 Dohiirricum.
1463 3004 1549 3080 Ean.

175 3098 257 3168 dem
275 3090 405 3163 adhibet
426 3093 661 3162 correctionem
687 3148 699 3180 ,
735 3095 861 3187 quoties
885 3095 917 3160 in
948 3092 1056 3165 tabula
1083 3098 1117 3166 S.
1141 3094 1319 3194 Hyppoliti
1345 3095 1461 3173 Pascha
1487 3131 1552 3176 oc.»

178 3195 284 3266 currit
304 3188 355 3256 die
374 3217 420 3261 22
446 3188 563 3284 Aprilis
581 3189 657 3258 loco
683 3216 720 3280 r5
744 3188 875 3281 quando
897 3185 958 3259 fuit
979 3190 1045 3261 dies
1064 3195 1270 3263 Dominicus.
1306 3197 1368 3264 Sed
1389 3201 1422 3265 in
1443 3197 1550 3274 altera‘

176 3291 323 3361 editione
343 3289 418 3354 anni
442 3291 540 3370 1698
564 3280 655 3354 suum
677 3281 742 3383 ipse
768 3288 901 3379 agnovit
924 3309 1088 3373 errorem,
1111 3313 1150 3358 ac
1166 3286 1263 3358 verba
1280 3293 1441 3360 Vidiorini
1463 3293 1547 3366 sob‹

176 3389 258 3463 inde
277 3380 374 3451 refert
395 3435 406 3468 ,
432 3387 489 3476 qui
509 3381 576 3450 hac
608 3378 716 3453 habet.
768 3381 826 3445 Sin
851 3392 958 3444 aurem
980 3380 1029 3445 die
1059 3380 1203 3449 Sabbati
1217 3383 1468 3478 plens-lunium
1484 3395 1544 3482 effla

173 3483 400 3572 contingeret,
424 3476 679 3569 &consequenti
698 3473 859 3542 Dominite
883 3475 981 3540 Luna
1000 3477 1135 3542 Declma
1151 3478 1264 3569 quintu
1282 3474 1448 3573 reperiri,
1483 3509 1549 3552 ea...

177 3579 257 3649 dem
273 3567 472 3639 hebdomada
493 3572 665 3665 transemffat
687 3571 720 3636 in
749 3567 885 3635 alterum
906 3565 987 3634 diem
1010 3573 1240 3653 Dominum)
1266 3567 1302 3637 id
1315 3568 1359 3664 est
1380 3631 1390 3655 ,
1411 3573 1552 3650 Lunam*

175 3671 361 3764 vicesimum
374 3666 549 3761 ficundnm
562 3661 854 3757 transferrideberc
868 3664 1002 3756 Pascha
1015 3660 1180 3742 dixerunt.
1218 3671 1281 3739 His
1302 3670 1403 3743 allatis
1420 3677 1550 3748 vicio.

176 3778 245 3847 tini
263 3764 365 3838 verbis
379 3772 423 3838 ita
437 3766 602 3838 concludit
617 3764 784 3861 Scaliger:
812 3767 900 3860 Ergo
916 3760 1235 3858 cognitionemhujus
1246 3765 1369 3864 vetuste
1383 3771 1428 3835 rei
1441 3776 1542 3872 Hyp:

174 3869 281 3970 polito
306 3862 402 3952 nostro
428 3863 484 3930 uni
511 3877 674 3957 acceptam
701 3856 873 3946 referimus.
916 3860 1043 3929 Deinde
1059 3863 1211 3933 correslis
1236 3863 1429 3956 erroribus,
1457 3872 1554 3967 quos*

176 3954 1444 4152 {issi-‘missislsis‘sizlissinissilisis&assisii.
1460 3969 1552 4153 lif}

179 4179 252 4225 mm
266 4207 275 4236 ‚
298 4173 368 4218 cum
381 4151 498 4251 eleln
517 4144 714 4216 didicerimus
728 4201 739 4227 ,
764 4165 828 4240 que
844 4145 972 4211 aliunde
985 4170 1046 4212 non
1056 4167 1247 4244 poteramus.
1286 4155 1376 4224 Tum
1390 4162 1553 4255 Gregorii-

177 4245 378 4328 'furoneniis
399 4243 646 4343 locumprosert
659 4301 669 4331 ,
681 4240 981 4339 miquo-manifeste
998 4243 1159 4342 colligitur
1180 4247 1263 4319 hanc
1279 4247 1555 4331 consuetudinem-

178 4336 397 4423 t'rausferendt¹
416 4341 543 4416 Pascha·
556 4343 583 4410 a·
600 4343 650 4410 die
670 4344 850 4414 Dominico
866 4363 902 4434 ¹5
925 4341 1015 4427 Lutre
1026 4342 1064 4409 ad
1079 4344 1164 4413 diem
1186 4367 1226 4416 22
1246 4347 1344 4414 Lunae
1365 4339 1467 4417 adhuc
1481 4375 1546 4421 an.

179 4456 230 4520 iso
249 4448 305 4541 588
320 4443 352 4509 in
373 4439 509 4512 Ecclesia
523 4439 640 4507 Latina
655 4433 796 4532 viguille·
840 4439 923 4532 Qa·
948 4433 1111 4507 transsatio
1133 4437 1294 4510 Paschatis
1310 4444 1343 4510 in
1367 4443 1475 4537 Cyclo
1496 4452 1554 4542 845.

179 4532 391 4614 annorumse
412 4536 516 4631 prodit
531 4589 542 4618 ,
556 4528 613 4600 ubi
638 4531 784 4601 undecies
802 4534 885 4602 intra
904 4530 1156 4638 illudannornm
1175 4531 1311 4699 lspatium
1329 4534 1444 4637 festum
1468 4543 1556 4613 Pas..
1613 4584 1618 4595 .

180 4635 287 4708 ehatis
304 4631 490 4703 transfertur
506 4624 582 4700 :scd
594 4625 631 4696 de
644 4626 692 4698 his
704 4623 874 4713 satissatis,
890 4623 1118 4727 plurafortaffe
1129 4631 1163 4699 in
1190 4653 1233 4698 uo
1248 4631 1442 4703 Calendario
1460 4636 1555 4712 olinae

180 4725 533 4923 &tgulltssh‘dgdsli
555 4816 785 4898 calendarium
799 4823 837 4894 in·
860 4817 980 4896 lanum
1002 4840 1152 4921 argentea
1165 4819 1553 4991 utrimtppehilrpsculpmme
