3646 5430
292 299 353 370 286
596 293 793 366 REGIAE
832 288 1288 379 SCIENTIARUM
1662 374 1665 379 Ι

162 384 274 456 Ana.
290 397 371 491 Qae
389 384 449 459 hac
470 391 504 459 in
528 412 562 459 re
584 382 655 458 sunt
683 382 831 476 usurpata
860 385 1008 456 milliaria
1043 411 1093 480 50
1107 413 1128 455 0
1144 412 1166 454 o
1193 387 1287 482 pedes
1323 382 1537 458 Londinenses
1558 412 1629 464 eona
1664 396 1672 443 l

162 494 259 574 1690.
289 491 404 556 tinent.
439 487 488 555 Ad
507 483 572 554 haec
595 482 616 553 “a
639 478 798 554 nonnullis
826 485 882 577 qui
904 504 974 550 tum
992 483 1155 564 aderant,
1182 476 1365 574 responsum
1390 479 1452 553 fuit
1478 536 1489 566 ,
1512 487 1627 574 jamrb

289 581 421 650 exordio
454 604 533 674 pene
563 576 717 649 nascentis
743 577 923 646 Academiae
950 602 1036 645 anno
1060 588 1169 665 1669
1202 575 1236 644 id
1262 580 1384 671 negotii
1410 573 1453 646 ab
1475 603 1516 649 ea
1536 575 1637 657 susem,
1670 586 1672 597 '

290 698 405 772 ptum,
427 699 463 744 ut
482 673 583 770 quim
600 667 829 743 accuratissima
845 674 936 740 unius
950 673 1064 768 gradus
1075 695 1164 742 terrae
1179 667 1515 746 mensurahabetetur.
1540 677 1626 775 Quod

285 794 487 865 permagna
509 767 669 866 triangula
692 765 748 835 sibi
769 772 885 835 mutuo
911 789 1053 834 connexa
1076 765 1200 835 fadlurn
1225 763 1288 834 fuit
1311 821 1322 850 ,
1344 790 1444 861 atque
1464 791 1503 836 ea
1518 776 1626 841 ratione
1669 770 1672 805 ¹

294 862 620 951 conclusrrm,uru1m
633 864 764 933 maximi
784 884 873 930 terra:
887 860 1024 958 gradum
1039 862 1147 932 circuli
1162 873 1276 955 57060
1295 858 1472 960 hexapedar
1492 861 1626 936 Parisino·

294 955 341 1028 ses
360 963 535 1031 continere.
1669 976 1672 1071 p

342 1060 413 1127 IX.
452 1057 539 1126 Cum
562 1073 669 1121 autern
689 1056 761 1123 Rex
777 1051 854 1123 illud
878 1047 1055 1149 postulasset
1069 1075 1104 1122 ut
1120 1050 1187 1122 hec
1207 1048 1352 1123 mensura
1366 1075 1443 1121 cum
1464 1076 1502 1122 ea
1522 1059 1630 1148 quein

296 1149 416 1247 Anglia
432 1171 556 1244 reperta
571 1145 631 1214 fuit
644 1201 654 1230 ,
669 1147 887 1230 conferretur,
911 1148 942 1213 id
964 1141 993 1214 se
1009 1144 1170 1217 fasturum
1191 1153 1311 1244 recepit
1327 1152 1373 1219 D.
1397 1143 1533 1219 caffini.
1560 1153 1628 1222 lllud

295 1270 429 1340 quoque
444 1238 573 1336 subjecit
591 1239 656 1309 hoc
674 1244 854 1313 Academiae
870 1237 959 1312 fuisse
973 1239 1191 1340 propositum,
1202 1241 1270 1335 qud
1281 1247 1398 1313 certior
1419 1249 1453 1313 δι
1470 1249 1570 1339 magis
1585 1269 1628 1317 ex·

293 1339 420 1436 plorata
431 1337 597 1409 haberetur
607 1357 690 1428 terre
700 1334 876 1425 dimensio,
903 1331 1064 1432 quantrlm
1078 1360 1183 1433 pateat
1199 1337 1310 1407 Galliae
1319 1361 1456 1434 regnum
1468 1336 1489 1408 ὲ
1499 1341 1629 1413 uorem

297 1435 451 1505 Austrum
467 1433 629 1519 dirnetiti3
650 1438 781 1529 jamque
804 1431 921 1529 lineam
947 1432 1161 1501 Meridianam
1182 1431 1405 1504 Observatorii
1432 1436 1628 1508 Dunxeron
1670 1496 1672 1515 .

297 1527 447 1626 usqueex
464 1553 527 1598 una
550 1549 660 1624 parte,
683 1534 766 1599 &in
789 1527 988 1598 Borboniurn
1008 1529 1147 1596 trastum
1168 1553 1206 1597 ex
1221 1529 1321 1600 altera
1342 1527 1531 1625 produdlam
1555 1586 1569 1618 ‚
1601 1522 1672 1605 δι”

295 1634 354 1723 per
372 1622 528 1722 triangula
549 1622 606 1693 sibi
628 1620 742 1694 moturi
765 1622 873 1712 iuncta
894 1623 996 1717 quarn
1014 1616 1249 1719 diligentissime
1266 1617 1456 1697 dimensam.
1478 1628 1556 1723 Qu
1571 1632 1630 1724 qui·

298 1721 371 1788 dem
391 1725 511 1789 ratione
534 1720 611 1788 osto
627 1716 882 1810 circumferentie
902 1717 1016 1813 gradus
1035 1717 1189 1812 explorati
1201 1716 1402 1790 habebuntur
1416 1774 1427 1806 ‚
1440 1742 1544 1814 neque
1561 1726 1631 1795 ineu

298 1809 494 1884 dimenfione
519 1822 622 1906 major
644 1816 821 1884 invenietur
847 1836 935 1884 error
961 1813 1063 1905 quim
1076 1816 1109 1881 in
1125 1815 1315 1910 unogradu.
1336 1812 1373 1885 Id
1386 1817 1467 1885 verb
1483 1823 1630 1915 permagni

298 1904 360 1979 esse
377 1914 534 1983 momenti
556 1910 595 1979 ad
613 1907 851 2006 Geographianr
865 1917 897 1980 δι
909 1904 1077 2001 navigandi
1088 1930 1189 1978 artem
1203 1968 1213 1997 ,
1231 1933 1266 1979 ut
1279 1933 1366 1983 certa
1377 1917 1412 1997 ἀ
1425 1904 1631 1985 finbabeatur

299 1999 444 2075 mensura
458 2061 469 2089 ,
485 2027 641 2101 quantum
654 1999 723 2071 fieri
741 2003 867 2099 potest,
883 2025 1049 2085 accurata,
1067 2027 1131 2097 qna
1143 2007 1256 2100 gradus
1265 2010 1299 2074 in
1314 2005 1422 2076 leucas
1440 2013 1474 2075 dt
1490 2002 1633 2095 utill'nr'n,

299 2125 339 2169 ac
358 2094 492 2169 vicissim
514 2097 608 2168 leuca:
622 2104 654 2168 in
668 2099 781 2192 gradus
796 2099 996 2168 reducantur.
1019 2096 1055 2164 ld
1070 2121 1202 2194 qnoque
1220 2101 1292 2171 Rex
1304 2104 1357 2171 M.
1373 2103 1412 2173 B.
1426 2094 1559 2191 subjecit
1565 2100 1635 2193 jule

300 2191 358 2262 sno
378 2193 556 2261 distantiam
574 2196 655 2262 inter
681 2215 826 2261 montem
850 2197 947 2265 trium
964 2194 1090 2287 rupium
1113 2220 1213 2291 prope
1241 2191 1424 2266 Dublinum
1446 2203 1482 2265 &
1503 2218 1633 2269 montem

300 2288 423 2357 dietum
438 2290 701 2358 Promontorium
721 2289 875 2357 Sannum
888 2291 922 2355 in
941 2284 1057 2380 Anglia
1074 2281 1233 2385 sumptam
1253 2315 1307 2387 per
1323 2288 1522 2386 triangulum
1536 2303 1633 2388 ‚oajru

300 2379 379 2453 basis
392 2403 469 2451 nota
479 2404 545 2451 erat
556 2392 588 2456 δι
598 2377 755 2479 anguliad
764 2403 826 2454 tres
835 2379 933 2478 usque
943 2405 1046 2480 rupes,
1068 2384 1244 2455 distantiam
1259 2383 1460 2482 prebuerunt
1475 2399 1521 2469 46
1531 2386 1631 2457 millia·

291 2481 385 2555 'rium
415 2501 490 2547 curn
522 2474 652 2550 semisse
688 2478 777 2546 Tum
806 2488 884 2549 vero
916 2475 1116 2571 subjecitss.
1142 2478 1262 2551 Cassi-ni
1286 2481 1469 2551 distantiam
1500 2479 1634 2553 Celerum

301 2576 384 2642 inter
413 2579 446 2643 δι
479 2572 630 2644 Dubtidis
654 2595 760 2640 arcem
794 2572 814 2643 d
844 2580 886 2646 D.
913 2573 951 2642 de
984 2572 1014 2641 la
1044 2578 1123 2643 Hire
1153 2577 1334 2671 indagatam
1388 2600 1497 2672 noque
1531 2572 1633 2664 sitisse,

301 2691 440 2763 eamque
461 2672 625 2742 inventam
647 2664 706 2737 effe
729 2682 824 2759 21360
849 2668 1000 2766 hexaped.
1025 2667 1148 2739 tametsi
1170 2696 1323 2764 rumorem
1340 2599 1456 2743 eilmlae
1484 2668 1637 2744 exhibeant

301 2762 494 2834 distantiam.
969 2804 972 2808 Δ

355 2861 399 2927 Χ.
436 2859 508 2927 Rex
538 2860 590 2930 M.
614 2863 651 2929 B.
679 2861 714 2927 in
735 2853 958 2955 Planisphaerio
980 2857 1052 2929 loca
1077 2858 1249 2957 designavit
1282 2858 1399 2956 quibus
1423 2868 1552 2934 navia
1603 2886 1641 2934 u·

301 2949 486 3022 bernatores
501 2952 552 3024 An
579 2953 599 3022 li
614 2959 674 3022 iter
696 2957 729 3023 in
754 2955 857 3024 Indiae
870 2975 1030 3025 tentarunt
1043 2960 1124 3027 inter
1145 2961 1280 3033 Boream
1304 2966 1336 3026 δι
1361 2955 1557 3031 occasurus
1594 2964 1598 2973 '
1622 2995 1635 3050 ς

305 3044 384 3116 nihil
399 3051 500 3210 mapis
516 2978 650 3118 obiuiffe
667 3073 765 3144 quam
790 3045 919 3119 nebulas
941 3074 1010 3143 quat
1036 3054 1067 3119 in
1083 3057 1119 3145 iis¹
1134 3051 1313 3149 regionibus
1326 3053 1365 3122 de
1389 3054 1443 3124 die
1469 3056 1578 3127 tulum
1601 3062 1636 3129 δι

304 3164 420 3212 terram
456 3141 618 3214 obducunt
641 3144 763 3228 oeulis,
786 3147 827 3213 ira
844 3167 877 3213 ut
897 3147 992 3214 nodie
1010 3147 1237 3217 tantummodo
1253 3148 1293 3217 ad
1324 3147 1425 3219 stellas
1457 3146 1534 3225 fixas
1552 3172 1641 3223 navet

246 3316 249 3321 ⁵
303 3238 397 3332 dirigi
417 3234 543 3332 pofflnt·
586 3238 622 3308 Id
646 3234 747 3307 visum
764 3236 823 3308 effe
847 3243 891 3309 D.
908 3236 1019 3308 Vossio
1032 3236 1201 3311 hibernum
1212 3264 1337 3339 tempus
1350 3245 1651 3344 navigationiopw

304 3335 412 3401 tunius
435 3330 505 3400 fore
526 3329 655 3402 discussa
678 3333 822 3429 caligine.
853 3331 1034 3428 Anglonnn
1050 3339 1159 3405 itinera
1180 3361 1235 3432 per
1255 3336 1373 3406 fretum
1398 3338 1641 3436 Magellanitun

305 3433 597 3514 commemoravit,
618 3436 651 3501 δε
676 3426 752 3496 alias
769 3432 835 3497 vias
852 3435 884 3498 in
901 3432 978 3496 mari
999 3427 1131 3525 pacifico
1152 3453 1284 3503 tentatas
1302 3487 1313 3518 ,
1336 3429 1392 3500 ubi
1421 3439 1457 3503 in
1471 3436 1585 3532 aequali
1602 3436 1640 3513 eb

303 3521 535 3617 AEquinodliali
555 3522 698 3593 distantia
711 3520 807 3618 longe
831 3528 933 3594 acrius
947 3521 1046 3621 frigus
1057 3529 1175 3622 experti
1192 3521 1272 3601 sunt.
1300 3529 1353 3596 Sic
1373 3525 1395 3594 lr
1418 3552 1528 3599 emem
1551 3538 1643 3632 uegit

291 3612 410 3688 'saevire
427 3621 461 3686 in
477 3614 654 3688 Canadenst
670 3619 800 3715 regione
823 3625 923 3714 quiin
942 3623 974 3686 in
994 3619 1095 3689 Gallia
1118 3616 1172 3688 snb
1192 3617 1300 3692 iisdem
1325 3553 1481 3718 parallelis
1503 3630 1643 3701 animad-

303 3710 452 3783 versum:
474 3713 556 3783 adeo
583 3739 617 3785 ut
636 3714 716 3784 a’e'ris
743 3717 911 3812 temperies
931 3737 969 3784 ex
987 3709 1052 3784 sola
1071 3713 1204 3785 climatis
1228 3712 1387 3814 pofitione
1407 3743 1476 3787 non
1495 3717 1536 3792 fit
1559 3749 1644 3824 repe-

301 3810 408 3879 tenda.

348 3908 380 3971 X
397 3909 424 3975 1.
459 3909 549 3975 Τιιιιι
563 3900 648 3973 forte
665 3905 803 3998 quadam
814 3906 852 3975 de
871 3900 973 3973 Insula
998 3901 1190 3998 Taprobana
1213 3902 1369 3976 veteribus
1394 3933 1462 3979 non
1484 3913 1641 4011 incognita

301 3993 405 4066 sermo
421 4001 543 4070 incidit.
576 3998 703 4068 Harrei
718 4001 877 4071 nonnuliis
897 3999 1093 4096 Geographis
1107 3997 1331 4071 recentioribus
1352 4003 1385 4070 in
1402 4001 1507 4076 Insula
1523 4002 1638 4091 Ceiltn,

302 4089 344 4163 ab
360 4089 428 4164 aliis
441 4097 474 4163 in
488 4097 634 4162 Sumatra
650 4099 771 4193 reponi.
799 4100 901 4165 Situm
913 4094 994 4164 illius
1009 4095 1110 4188 qualis
1124 4095 1144 4164 ‘a
1159 4095 1332 4167 Ptolemaeo
1345 4095 1552 4191 describitur,
1574 4128 1638 4175 curu

305 4186 458 4258 Mnldivis
469 4187 576 4258 insulis
593 4193 691 4285 magis
711 4198 881 4261 convenire
891 4188 1088 4259 existimabat
1102 4194 1147 4261 D.
1164 4187 1308 4262 Cassrnus
1327 4219 1335 4262 :
1357 4190 1405 4261 bae
1430 4190 1505 4267 suot
1532 4193 1637 4269 insub-

303 4309 375 4369 rum
390 4289 552 4381 congeries
570 4285 609 4352 de
624 4283 740 4380 quibus
758 4287 842 4357 nulln
855 4286 938 4382 apud
948 4309 1070 4356 veteres
1089 4283 1124 4357 fit
1140 4285 1507 4383 mentioTaptobauam
1517 4288 1638 4363 insulan

303 4390 391 4472 jorra
405 4382 667 4450 promontorium
686 4383 766 4451 Cori
781 4383 968 4453 Ptolemaeus
989 4379 1152 4470 collocat,
1174 4384 1262 4478 quod
1280 4388 1313 4452 in
1326 4406 1413 4450 mare
1425 4382 1557 4484 longius
1571 4413 1639 4485 pro-

304 4477 433 4544 tedium
449 4481 528 4546 inter
541 4474 656 4544 Indum
673 4485 707 4551 δι
728 4480 873 4576 Gangem
889 4482 941 4546 vix
959 4474 1118 4548 aliudesse
1138 4478 1239 4574 potest
1263 4498 1361 4574 quam
1381 4480 1640 4557 promontorium

194 4584 196 4593 ·
328 4572 392 4638 uod
405 4571 658 4640 Commorinnm
671 4595 871 4670 nuncupatur
882 4577 915 4643 in
928 4571 1041 4642 eodeni
1055 4568 1114 4644 litu
1134 4570 1285 4671 positum.
1316 4573 1405 4642 Idem
1418 4574 1641 4675 Taprobanen

302 4595 360 4736 sub
372 4664 602 4769 AEquinodliali
619 4668 782 4743 constituit
801 4665 841 4740 ab
856 4694 897 4743 eo
912 4671 946 4741 in
964 4670 1040 4740 duas
1053 4690 1157 4768 partes
1179 4665 1348 4766 inequales
1365 4662 1410 4742 fic
1433 4664 1592 4779 divisam,
1609 4691 1639 4745 nt

303 4756 314 4768 δ
