3646 5430
322 369 649 449 renuente
684 371 988 450 nrsronrn
1026 374 1158 453 nnn.
1379 412 1425 481 1n

72 472 225 547 nnelrinis
237 465 551 569 verl'aremnquaead
564 471 724 542 theoriam
735 470 1102 569 pertinenr‚praefarionis
1113 498 1169 545 aut
1180 477 1426 553 introduflionis
1443 476 1529 545 Mea

76 571 162 640 instar
178 569 303 641 forent.
327 575 376 640 lta
402 594 442 639 ue
454 565 663 639 deliberatum
686 564 746 639 fuit
769 573 833 663 qua
855 572 978 639 ratione
1003 568 1068 638 hoc
1092 596 1172 667 opus
1198 572 1425 667 perficiendum
1441 571 1533 637 chan.

12 676 14 681 '
79 661 175 756 luter,
187 669 291 762 idque
310 595 499 736 condlufurn
523 689 548 735 r.
561 685 597 734 ut
609 658 709 732 futuri
728 666 832 762 operis
845 660 951 734 forma
965 663 1124 762 afingulis
1142 665 1355 767 designaretur
1368 732 1378 760 ,
1391 697 1427 746 ut

80 780 111 828 tx
124 786 238 834 eorum
257 757 385 858 scriptis
395 781 542 858 excerpta
553 760 592 828 ad
607 763 653 828 D.
666 756 802 829 Colbert
812 763 1033 846 mitterentur,
1045 762 1114 854 quo
1128 764 1199 834 Rex
1213 768 1290 860 quid
1303 769 1427 839 facien·

84 853 254 944 dumell'et,
275 855 471 927 decerneret.
495 882 524 928 ι.
553 857 598 927 D.
618 856 742 924 Buotid
757 857 896 922 muneris
911 854 1091 942 datum‚ut
1105 864 1337 956 precipuarum
1356 890 1428 935 ma.

84 947 236 1024 <binarum
252 950 434 1021 indiculum
447 971 654 1035 contexeret,
676 945 792 1044 easque
805 948 975 1021 delinearet
993 1006 1004 1039 ,
1021 957 1055 1023 in
1079 976 1147 1047 quo
1172 976 1313 1028 uteretur
1327 983 1427 1057 opera

86 1047 119 1124 D.
134 1054 177 1122 D.
203 1045 352 1144 Couplet
364 1101 375 1132 ‚
389 1045 539 1141 Pasquier
553 1054 587 1117 δι
602 1045 646 1112 du
666 1048 787 1115 Vivier.

122 1171 150 1233 3.
180 1148 265 1242 Qut
276 1142 317 1213 ad
329 1139 489 1212 theoriam
500 1161 557 1210 aut
568 1140 841 1211 introductionem
857 1136 1000 1236 spectant
1017 1148 1064 1217 D.
1074 1149 1120 1217 D.
1139 1149 1286 1243 lingens,
1303 1154 1426 1241 Picard,

78 1238 258 1325 Marione,
279 1234 414 1307 Blondel
427 1237 492 1307 und
502 1234 703 1307 elaborarent
717 1293 727 1321 ,
742 1243 775 1307 dt
789 1237 926 1330 quisque
946 1260 985 1308 ea
1005 1239 1044 1308 de
1061 1263 1094 1310 rc
1120 1237 1187 1312 suas
1205 1247 1429 1320 meditationes

67 1335 107 1406 in
123 1337 369 1406 commentarios
384 1334 538 1430 redigeret
553 1366 563 1421 3
583 1353 682 1427 atque
701 1330 749 1402 his
761 1335 844 1401 inter
854 1327 886 1401 sc
900 1330 1025 1407 collatis
1044 1337 1085 1408 ad
1100 1339 1308 1411 Academiam
1329 1341 1428 1413 refer·

63 1451 148 1505 rent
160 1487 170 1518 ,
183 1434 251 1526 qud
263 1436 295 1500 in
306 1449 430 1501 certum
438 1429 590 1513 ordinem
603 1428 829 1525 redigerentur.

130 1533 222 1600 x1v.
243 1532 366 1596 Interea
379 1523 458 1592 varii
476 1520 547 1593 sunt
558 1520 715 1593 elaborati
726 1520 912 1592 Methanici
924 1529 1106 1602 Tractatus.
1125 1532 1243 1603 Unum
1254 1538 1337 1606 inter
1347 1537 1428 1609 alios

58 1621 109 1695 in
122 1620 277 1695 tabularia
295 1620 427 1691 relatum
442 1619 610 1688 inveniod
635 1622 677 1688 D.
702 1618 741 1686 de
759 1613 926 1687 Roberval
945 1622 1173 1721 composrtum,
1184 1632 1217 1698 in
1233 1654 1301 1725 quo
1316 1630 1426 1704 brevi-

64 1740 125 1791 tet
146 1717 239 1806 limos
261 1712 397 1786 scientiae
414 1717 571 1812 principia
594 1722 627 1786 δι
654 1709 864 1783 fundamenta
879 1714 1087 1813 explicantur.
1124 1728 1299 1821 Perpaucas
1317 1728 1429 1801 defini.

55 1821 177 1886 tiones
189 1811 358 1886 intellectu
380 1808 491 1881 faciles
510 1813 673 1907 praemittit
693 1865 704 1896 ,
723 1808 802 1905 quid
820 1807 857 1880 srt
880 1817 1047 1907 potentia,
1067 1824 1188 1890 antris
1211 1875 1222 1906 ,
1248 1826 1326 1916 quid
1349 1849 1426 1896 cen.

44 1913 321 2008 trigeminos,
345 1906 424 2003 quid
439 1906 529 1976 lineae
544 1906 729 1977 directionis
752 1959 763 1990 ,
786 1906 863 2002 quid
889 1905 1045 1978 machinae
1068 1919 1202 1983 nomine
1221 1917 1430 2017 intelligatur.

53 2009 145 2079 vim
158 2001 302 2104 appellat
318 2025 375 2075 aut
391 2006 568 2099 potentiam
586 2058 597 2089 ,
615 1997 851 2098 dispofitionem
875 2026 1008 2072 omnem
1031 2009 1065 2076 in
1083 2007 1197 2080 mobili
1215 2011 1428 2107 existentem,

143 2098 182 2173 lit
196 2122 235 2170 ut
253 2097 428 2171 uccellano
440 2119 619 2173 moveatur.
660 2102 741 2169 Haec
759 2102 897 2193 gravitas
913 2119 969 2168 aut
1008 2103 1111 2172 ondus
1131 2109 1166 2174 in
1179 2111 1270 2202 gravi
1291 2133 1431 2208 corpore

60 2125 239 2269 ddsolet.
259 2219 291 2270 2.
314 2198 476 2268 Pontium
488 2218 557 2290 quo
576 2198 625 2265 vis
640 2216 695 2263 aut
715 2197 858 2305 potentia
881 2199 926 2265 ita
941 2124 1137 2288 saliretur,
1162 2225 1197 2274 ut
1225 2206 1258 2271 in
1282 2228 1318 2274 ea
1341 2206 1429 2303 posi·

66 2297 158 2367 done
178 2288 281 2363 libere
295 2310 480 2391 peronneat
499 2345 510 2375 ,
528 2311 677 2361 centrum
696 2291 821 2357 virtutis
845 2313 901 2359 aut
920 2295 1069 2384 potentie
1086 2293 1201 2366 dicitur
1223 2322 1232 2367 ι
1260 2297 1324 2370 hoc
1347 2327 1427 2374 cen-

68 2408 156 2459 trum
175 2391 342 2486 gravitatis
365 2389 400 2457 in
419 2383 569 2484 gravibus
591 2393 762 2455 vocitatur.
795 2411 821 2470 ι.
846 2387 951 2454 Recta
973 2382 1056 2454 linea
1078 2413 1134 2484 per
1159 2416 1257 2484 quarn
1280 2419 1426 2471 centrum

69 2489 203 2556 virtutis
221 2504 278 2553 aut
291 2506 464 2567 moretur,
489 2483 596 2552 autad
614 2501 742 2550 motum
760 2478 804 2547 ell
823 2474 1034 2576 dispofirum,
1054 2478 1136 2552 linea
1162 2485 1344 2560 directionis
1367 2520 1428 2563 no·

69 2582 241 2664 minatur,
256 2601 326 2672 quae
338 2582 473 2675 ingravi
491 2600 628 2676 corpore
643 2575 682 2646 od
703 2573 909 2644 horizontem
923 2573 969 2642 est
986 2577 1252 2669 perpendicularis
1276 2636 1288 2668 ,
1324 2609 1427 2679 eaque

71 2698 133 2772 per
147 2692 297 2743 centrum
306 2677 464 2774 gravitatis
475 2676 619 2770 corporis
633 2679 668 2743 δι
685 2691 775 2741 terra
789 2689 934 2738 centrum
949 2665 1077 2739 transire
1087 2678 1278 2772 concipitur.
1297 2710 1335 2774 4.
1349 2686 1428 2751 Ma.

72 2767 211 2839 clrinam
225 2793 372 2840 vocamus
386 2793 503 2867 corpus
523 2769 613 2866 quod
628 2764 680 2838 vel
694 2764 739 2836 fui
755 2761 849 2864 ipsius
866 2765 1039 2853 movendi,
1066 2768 1118 2840 vel
1147 2769 1273 2843 ulterius
1296 2801 1425 2847 motum

72 2862 199 2934 lillendr'
217 2868 288 2935 vlrn
297 2863 406 2936 habet.

115 2952 195 3033 XV·
224 2962 314 3032 Tum
333 2962 372 3032 de
396 2960 553 3031 urachinis
569 2956 739 3031 universim
753 2956 872 3032 dilletit
886 3016 897 3048 ,
911 2982 949 3030 ac
962 2964 1225 3058 primumearum
1239 2962 1427 3041 fundamen·

72 3075 102 3128 ts
113 3063 147 3129 in
165 3057 233 3127 duo
249 3065 385 3155 partitur
401 3080 516 3156 genera
531 3091 542 3146 3
561 3055 623 3126 alia
638 3059 724 3125 enim
740 3053 811 3126 sunt
827 3079 946 3127 naturae
959 3112 970 3144 ,
983 3055 1045 3126 alia
1066 3060 1243 3152 dostrinae3
1268 3063 1323 3133 illa
1336 3068 1427 3166 Pby.

72 3149 201 3225 ficadici
214 3146 369 3252 possunt,
416 3176 462 3221 uae
475 3158 597 3222 interna
611 3146 698 3236 funt,
711 3173 765 3222 aut
778 3174 907 3223 externa
919 3179 928 3224 ι
942 3155 1095 3225 interiora
1109 3156 1148 3227 ad
1165 3179 1311 3229 centrum
1321 3171 1427 3259 gravi·
1514 3162 1517 3167 ’

71 3179 609 3333 unsrevocaturresrlennam,aur
618 3249 765 3317 inertiam
773 3249 934 3344 quandam
942 3273 1006 3345 qua
1014 3272 1131 3348 corpus
1143 3258 1247 3322 motui
1259 3278 1427 3356 repugnat.

71 3347 245 3417 Externum
256 3344 502 3416 fundamentum
515 3343 626 3412 estcor
650 3365 684 3411 us
694 3366 792 3412 omne
802 3349 853 3413 cui
864 3343 1012 3416 machina
1023 3369 1178 3442 tanquam
1195 3344 1301 3419 fulcro
1314 3356 1443 3425 inniti..

72 3459 141 3528 tur,
152 3437 210 3512 seu
224 3440 288 3531 hee
300 3445 436 3511 omnino
447 3434 586 3534 quiescat
600 3494 610 3524 ‚
625 3368 676 3508 feu
687 3438 860 3508 circaillud
871 3437 1010 3509 fulcrum
1024 3463 1214 3526 moveatur,
1233 3453 1323 3533 cujus
1338 3446 1428 3517 duri-

70 3538 127 3606 ties
135 3558 193 3607 aut
202 3536 361 3607 mollities
374 3533 541 3632 spectanda
555 3558 563 3603 ι
584 3557 644 3603 nec
658 3530 754 3601 refert
766 3554 874 3601 utrum
889 3532 1008 3604 mobile
1020 3533 1057 3603 srt
1067 3532 1118 3602 vel
1131 3533 1307 3606 immobile.
1335 3544 1425 3612 Nam

71 3631 220 3702 machina
233 3634 301 3702 uni
317 3655 392 3702 cum
406 3629 511 3700 fulcro
528 3627 585 3699 suo
597 3628 724 3698 alterius
737 3625 892 3695 machina
908 3631 940 3695 vi
960 3625 1123 3697 transferri
1139 3628 1157 3698 ὲ
1178 3627 1256 3699 loco
1269 3634 1304 3700 in
1315 3630 1429 3708 locum

73 3725 179 3822 potest
192 3783 204 3813 ,
215 3752 252 3798 ιιι
268 3731 305 3797 in
324 3723 480 3797 machinis
494 3749 564 3821 quar
578 3722 710 3795 navibus
721 3728 931 3817 imponuntur
945 3776 955 3806 ,
977 3726 1145 3795 cernimus.

121 3824 215 3895 xvi.
237 3825 399 3918 Principia
412 3822 563 3891 doctrine
577 3826 664 3890 varia
681 3816 750 3897 sunt
769 3823 802 3888 dt
815 3815 1001 3915 multiplicis
1014 3824 1163 3918 generis,
1188 3818 1243 3892 seu
1269 3828 1428 3904 constanti

73 3919 228 3986 omnium
238 3940 367 3990 etatum
382 3917 572 4015 experientia
584 3938 749 4016 comperta
764 3909 846 3997 sint,
865 3909 917 3985 feu
927 3917 1143 3988 ratiocinioex
1156 3916 1221 4017 ipsa
1234 3931 1428 4023 experientia

72 4009 286 4089 deducantur.

124 4110 175 4176 Ex
199 4109 237 4176 iis
253 4109 390 4206 primilm
403 4109 480 4181 illud
495 4111 538 4182 est
556 4121 589 4185 &
606 4114 799 4211 precipuum
824 4113 922 4182 totius
938 4109 1145 4185 Mechanices
1158 4109 1427 4211 fundamentum,

124 4197 217 4274 uales
235 4211 388 4302 potentias
405 4204 498 4278 fimili
516 4210 616 4279 modo
638 4219 670 4280 δι
692 4212 725 4276 in
750 4202 924 4302 aequalibus
938 4207 1090 4277 distantiis
1115 4209 1261 4306 positas,
1290 4214 1428 4309 aquales

71 4224 211 4370 {dectus
223 4301 408 4396 producere.
434 4303 659 4397 Qramobrem
675 4302 696 4371 sr
710 4306 877 4373 contrariae
895 4297 965 4370 lunt
978 4306 1059 4372 inter
1072 4297 1103 4374 se
1116 4307 1183 4377 duae
1201 4305 1356 4401 ejusmodi
1373 4317 1426 4383 vi·

75 4416 120 4463 res
134 4449 145 4480 ,
167 4393 236 4466 hoc
249 4396 311 4483 ell,
331 4395 352 4467 fr
369 4403 402 4466 in
419 4421 521 4494 partes
534 4399 693 4500 oppositas
706 4403 847 4468 nitantur
860 4450 871 4482 ,
885 4396 951 4466 uni
959 4396 1050 4469 alteri
1059 4394 1102 4471 sic
1117 4399 1256 4492 obnuit,
1268 4427 1303 4475 ut
1313 4430 1426 4479 neutra

8 4564 10 4569 ,
74 4492 181 4559 vincat
192 4488 328 4561 alteram
341 4550 351 4580 ,
364 4488 415 4563 secl
428 4493 530 4564 amba
544 4518 691 4565 maneant
704 4499 737 4563 in
749 4490 943 4589 aequilibrio.

8 4594 10 4605 '
119 4590 230 4657 xvn.
261 4591 353 4659 Hinc
375 4590 415 4658 ad
438 4590 660 4660 machinarum
682 4590 929 4686 explicationem
954 4589 1064 4664 tranfit
1082 4619 1162 4692 quas
1179 4599 1213 4665 in
1234 4619 1308 4667 com
1335 4595 1426 4671 oliras

8 4682 18 4771 f*
76 4677 280 4779 &simplices
293 4685 415 4757 dividit.
438 4685 608 4778 Simplices
626 4688 666 4756 ad
681 4684 801 4783 septem
815 4681 932 4782 species
947 4685 1093 4784 plerique
1107 4693 1275 4789 redigunt,
1291 4621 1405 4762 lilrarn
1414 4751 1425 4783 ,

8 4806 17 4919 p
75 4778 199 4859 mem
207 4832 221 4870 ,
233 4802 328 4854 axem
338 4784 372 4853 in
383 4778 581 4882 perittochro
589 4837 601 4876 ,
615 4781 793 4854 trochleam
804 4835 815 4870 ‚
828 4780 960 4878 planum
972 4784 1162 4861 inclusarum
1175 4840 1188 4875 ‚
1202 4784 1367 4926 elp'rerium
1392 4798 1427 4866 dt
