3646 5430
344 428 348 436 Α
408 334 756 417 ΑἘἈΒΕΜΙἘ
795 344 1141 424 Hismara.
1166 353 1256 431 m.
1281 358 1310 429 1.
1494 369 1538 452 8,

187 450 196 461 “
216 429 404 538 Complura
426 447 524 514 etiarn
548 445 582 509 i'n
602 441 682 510 vivis
703 439 918 515 anmtnubus
935 448 1048 516 iterata
1072 441 1144 520 sunt
1167 458 1415 547 experimenta,
1437 465 1535 532 variis
1587 463 1652 527 De·

172 535 289 617 irvasit
304 539 433 629 injediis
447 534 650 634 liquoribus,
675 541 745 632 quei
765 531 924 635 sanguinis
939 564 995 638 per
1009 565 1065 612 cot
1087 595 1101 629 ,
1119 538 1287 640 pulmones
1312 607 1322 636 ‚
1349 555 1476 623 arterias
1495 582 1533 628 ex
1551 557 1659 632 Auel.

169 632 342 737 Equorum·
351 633 544 704 admistione
562 631 737 729 petutrbati
753 655 860 704 motus
876 637 1087 708 animaduerti
1097 638 1232 735 pollent.
1273 647 1399 740 lnjtdlo
1415 701 1426 731 ,
1452 674 1484 722 v.
1497 677 1531 750 g,
1547 655 1659 729 Plant,

204 736 281 803 'itu
302 729 429 801 vitrioli
454 734 490 799 in
511 725 689 825 iugularem
717 750 832 799 uenam
856 734 941 801 canis
969 788 980 818 ,
1009 757 1052 803 eo
1080 734 1149 832 post
1173 763 1199 827 4
1220 736 1305 807 hotae
1327 747 1450 813 minuta
1474 769 1529 816 ex·
1551 747 1591 820 d·
1632 772 1667 816 a·

167 829 298 916 undio,
323 820 452 924 sanguis
470 849 552 896 vena
568 819 705 919 jugulari
723 879 735 911 ,
760 849 839 896 cava
861 822 1041 925 superiori,
1063 831 1171 901 cordis
1188 835 1392 922 ventriculis,
1405 846 1437 909 ce
1451 837 1530 913 vasis
1548 865 1630 936 qua.
1664 822 1668 835 ’

168 926 365 1026 pulmonum
387 943 564 993 oontenrus·
582 922 720 990 oourino
742 922 928 1020 eoagulatus
963 948 1040 997 atro
1065 923 1177 996 colore
1195 925 1332 1000 influus
1363 940 1396 1003 de
1421 937 1531 1008 acidus
1546 965 1616 1009 rum

169 1023 343 1120 appatuit:
362 1017 524 1114 reliquum
538 1012 697 1113 sauguinis
707 1018 792 1089 veni
803 1021 881 1088 cavi
892 1018 1046 1091 inferiore
1057 1018 1198 1090 couduh
1215 1017 1273 1092 sub
1287 1025 1532 1126 diaphragmate
1546 1037 1658 1111 mirer.

167 1115 364 1190 fluiditatem
380 1111 469 1185 stram
484 1115 626 1184 retinuit.
646 1114 782 1207 Spiritus
802 1138 936 1210 quoque
958 1113 1134 1213 sulphuris,
1154 1113 1223 1186 salis
1241 1128 1450 1212 ammoniaci,
1467 1126 1532 1224 spi-
1634 1118 1657 1136 “’

167 1219 252 1285 ritus
273 1214 509 1285 vinitorem
524 1203 651 1307 impulsu
675 1209 784 1282 multis
807 1205 1081 1283 observationibus
1104 1209 1213 1282 locum
1237 1215 1351 1288 dedere
1373 1273 1384 1305 ,
1411 1219 1533 1316 quibus·

168 1313 326 1381 chettim
337 1304 495 1407 sanguinis
506 1329 575 1376 noo
586 1302 793 1378 mediocriter
805 1303 868 1375 suit
879 1303 1049 1378 illustratus
1063 1364 1074 1396 ,
1087 1328 1120 1379 at
1147 1333 1186 1378 ue
1198 1307 1434 1387 observationes
1445 1321 1533 1391 circa

168 1401 311 1476 fluorem
324 1412 359 1478 δι
375 1396 661 1506 condensationern
673 1400 839 1498 liquorum
857 1400 1010 1499 superiori
1029 1332 1223 1475 annulatio
1239 1405 1317 1478 hinc
1330 1407 1532 1485 confirmato

172 1495 309 1571 stretona
348 1502 441 1573 Naro
462 1498 605 1596 liquores
624 1497 709 1567 acidi
733 1496 1021 1596 coagulationem,
1037 1523 1124 1573 actos
1151 1508 1184 1572 δι
1204 1502 1351 1592 volatiles
1368 1516 1529 1602 maimetn

172 1590 361 1670 fluiditatem
380 1591 524 1695 sanguini
540 1589 736 1667 attulerunt.
1046 1672 1049 1677 ,

215 1698 267 1766 ll.
294 1692 374 1767 Nec
393 1687 518 1790 segrrius
537 1692 624 1759 circa
649 1686 830 1786 plantarum
852 1689 1017 1763 historiam
1043 1687 1224 1767 laboratum
1247 1731 1257 1786 3
1282 1722 1392 1770 earum
1420 1705 1531 1776 icones

169 1787 346 1876 delineari,
364 1786 502 1859 noras&
525 1781 636 1856 diffisis
656 1783 838 1881 regionibus
863 1785 974 1858 allatas
996 1787 1086 1872 coli,
1115 1796 1149 1857 δι
1163 1815 1279 1871 ,earum
1299 1793 1419 1866 semina
1437 1820 1533 1868 terras

169 1886 316 1955 mndari
328 1904 474 1985 ceptum
487 1884 546 1956 est.
567 1882 725 1981 stirpium
737 1876 963 2050 descpiptiones
981 1885 1003 1954 {a
1019 1888 1064 1957 D.
1080 1883 1255 1959 Marehaut
1270 1885 1439 1963 elaborato
1452 1916 1531 1964 cutn

168 1977 407 2146 nfi‘stlrpllm
419 1978 649 2146 suspollatae,
672 1979 694 2049 ὲ
711 1982 758 2050 D.
771 1983 804 2050 D
869 1999 903 2048 rt
915 1980 1026 2078 postea
1043 1984 1077 2051 in
1096 1981 1242 2053 ordinem
1258 1984 1381 2083 digtsle
1390 2042 1403 2075 ,
1421 1984 1533 2085 postea

241 2099 337 2148 enter
366 2100 552 2152 untmcrae.

207 2103 262 2245 io
286 2198 376 2245 anno
402 2173 454 2248 sex
481 2184 516 2249 δι
541 2176 656 2269 viginti
684 2171 802 2268 planta
821 2168 892 2244 suut
920 2170 1085 2272 descripte
1106 2182 1140 2247 ut
1161 2175 1336 2275 explicate.
1364 2182 1418 2250 De
1438 2175 1535 2250 visco

165 2269 308 2368 quereris
330 2278 445 2368 &ejus
459 2277 506 2343 ori
531 2274 582 2342 ine
599 2266 660 2342 fuit
680 2265 762 2338 disce
788 2292 900 2342 tatum·
925 2266 1037 2340 Visum
1051 2272 1095 2339 est
1115 2277 1158 2342 D.
1176 2271 1320 2344 Perrault
1342 2297 1414 2344 earn
1437 2272 1528 2371 plan·

169 2389 234 2438 uro
256 2362 492 2439 nonisentine
505 2297 585 2438 soris
601 2363 723 2452 allato,
758 2365 798 2467 ed
818 2391 856 2437 ex
879 2361 946 2460 ipsa
963 2363 1077 2435 arbore
1098 2364 1206 2453 nasci,
1231 2389 1330 2459 atque
1356 2392 1393 2438 ex
1413 2373 1527 2440 intima

141 2474 144 2481 '
168 2459 311 2534 aredulla
323 2469 482 2560 originem
493 2461 582 2534 suom
597 2461 724 2547 ducere·
751 2463 798 2530 At
809 2455 887 2530 visci
905 2454 1061 2528 arborum
1080 2463 1240 2556 originem
1263 2464 1309 2530 D.
1327 2461 1532 2535 Tournesort

168 2561 279 2656 paucis
291 2556 412 2629 abhinc
424 2566 510 2631 annis
520 2559 702 2655 diligentius
714 2551 857 2652 exposuit
870 2583 878 2624 r
893 2576 959 2718 pua
973 2552 1012 2622 de
1029 2546 1134 2625 restro
1153 2552 1230 2623 loco
1245 2555 1399 2653 dicemus.

217 2656 284 2724 111.
302 2653 428 2726 Placuit
435 2658 527 2726 etiam
540 2654 685 2745 stirpium
702 2650 885 2723 historio&
917 2643 1101 2747 escriptioni
1124 2645 1276 2746 quasdem
1296 2647 1536 2727 observationes·

171 2751 257 2819 ritca
270 2770 381 2820 earum
394 2748 543 2849 analphtn
556 2744 722 2839 subjicere.
754 2752 829 2835 Qua
843 2768 952 2818 auoem
963 2744 1141 2833 methodo,
1155 2769 1260 2841 quave
1270 2751 1392 2818 ratione
1404 2772 1441 2818 ea
1450 2752 1483 2818 in
1493 2772 1534 2822 ro

168 2845 343 2941 procedere
354 2869 538 2945 oporteret,
551 2842 705 2942 peculiari
717 2843 931 2914 dissertatione
945 2843 1049 2913 D.du
1068 2842 1151 2912 Clos
1165 2837 1322 2938 exposuit,
1336 2867 1369 2912 re
1387 2850 1477 2915 omni
1486 2841 1532 2917 ab

168 2938 269 3012 altiori
285 2947 449 3039 principio
469 2945 624 3040 repetita,
644 2940 732 3035 quod
751 2948 815 3034 jam
833 2934 970 3035 superius
983 2940 1158 3034 attigimus.

209 3036 392 3136 Praecipuus
410 3040 555 3137 stirpium
576 3056 707 3126 partes,
727 3054 864 3132 praeque
891 3053 947 3100 aut
969 3028 1094 3102 sincera
1115 3088 1126 3120 ‚
1147 3052 1202 3103 aut
1230 3034 1377 3107 nonnihil
1403 3045 1528 3111 inrrnu-

168 3150 233 3202 tatae
246 3156 302 3202 eas
325 3134 550 3227 constituunt,
572 3129 717 3224 spiritum
740 3125 827 3218 esse,
846 3126 954 3199 oleum
977 3133 1011 3197 dr
1029 3121 1127 3198 salem
1146 3126 1264 3201 aiebat.
1294 3136 1384 3204 Naro
1407 3161 1532 3234 aqtsattr

168 3225 213 3297 rel
231 3225 389 3326 phlegma
404 3226 462 3299 inst
486 3231 574 3300 idurn
600 3232 635 3298 δι
660 3249 778 3298 terram
803 3247 917 3325 puram
942 3226 1048 3292 omnis
1069 3218 1220 3324 specifica
1240 3225 1403 3319 qtraliratis
1424 3288 1435 3318 ,
1454 3256 1532 3327 qua:

167 3319 256 3394 tobis
276 3320 318 3393 stt
339 3321 420 3421 pets
453 3256 534 3413 ela,
560 3325 701 3392 omnino
719 3325 859 3418 expertia
882 3315 945 3390 elle
960 3318 1172 3391 existimabat.
1210 3322 1366 3393 Distillari-
1386 3324 1407 3395 li
1433 3348 1528 3397 uores

166 3411 222 3488 lile
237 3417 359 3531 aliquo
375 3347 501 3491 volitili
525 3428 559 3492 δι
579 3415 689 3531 soluto⁸
705 3417 778 3490 fori
793 3413 922 3524 spiritus
938 3410 1163 3528 appellantur:
1181 3422 1238 3510 qui
1251 3419 1384 3521 quidem
1405 3352 1460 3531 sal⁸
1475 3417 1527 3530 sa-

165 3508 1528 3709 {2³er35¹,332532313255:353,l:¹„¹:3;{,³;¹2³,332{‡¹0¹1²r„,l{iziqll‘glzj

171 3697 288 3776 iaciunt
302 3715 338 3778 ει
353 3703 534 3796 exsiccant,
561 3704 721 3805 sulphurei
734 3704 799 3774 dici
812 3697 937 3785 solent,
951 3698 1159 3793 quotum-alii
1172 3691 1243 3765 sont
1255 3695 1499 3771 inslarnmabiles
1513 3756 1528 3790 ,

172 3791 226 3865 alii
242 3822 309 3872 uon
322 3806 417 3874 item.
450 3807 518 3896 Qui
532 3807 637 3875 minus
658 3794 731 3871 sunt
756 3794 928 3882 volatiles,
953 3801 987 3866 ἃ
1010 3793 1158 3866 ariditate
1175 3792 1314 3888 quadarn
1335 3795 1530 3887 donantur,

172 3889 485 3968 ildernmetcuriales
498 3924 539 3994 ap
580 3897 710 3970 llantur.

224 3992 285 4060 w.
315 3992 437 4064 Oleum
454 3999 532 4065 verri
557 4000 653 4090 iquor
667 3992 711 4062 est
725 3984 983 4074 inflammabilis,
1000 3991 1122 4082 quique
1138 4009 1311 4084 comaque
1326 4013 1392 4062 non
1410 3991 1531 4064 misce«

168 4105 233 4155 tur.
260 4085 342 4157 Sunt
350 4087 419 4159 olea
431 4113 501 4187 quae
517 4087 642 4187 aquofis
656 4088 678 4159 li
704 4086 834 4157 uoribus
847 4092 1003 4170 innatant,
1016 4081 1078 4150 alia
1090 4080 1173 4152 infra
1184 4085 1423 4181 demerguntur.
1443 4090 1529 4159 Sunt

167 4180 283 4251 itidem
297 4181 426 4280 duplicis
442 4172 564 4280 generis
578 4219 589 4273 ·‚
609 4113 754 4278 quaedam
766 4187 854 4251 enim
867 4206 942 4250 cum
958 4176 1020 4248 srnt
1028 4174 1195 4248 subtiliora
1204 4236 1215 4268 ,
1224 4179 1331 4274 digitis
1345 4208 1410 4253 non
1424 4183 1526 4253 adhe·

169 4271 321 4365 rescunt,
346 4302 404 4348 nec
418 4284 610 4378 pinguedine
620 4277 672 4349 sua
687 4302 745 4347 nos
761 4273 907 4346 inficiunt
929 4331 939 4361 ,
958 4297 1060 4368 eaque
1079 4270 1212 4344 aetherea
1227 4283 1408 4346 vocitantur
1434 4315 1442 4367 3
1462 4280 1529 4350 alia

169 4366 287 4442 oscen
304 4371 425 4450 sunt&
439 4380 588 4476 pinguia..
614 4381 697 4469 Quae
721 4375 761 4443 ad
784 4377 888 4441 irnum
907 4394 997 4467 aquae
1020 4363 1240 4453 descendunt,
1267 4369 1363 4440 crassa
1394 4369 1465 4445 sunt
1488 4385 1527 4448 dc

170 4462 321 4557 resinosa,
342 4493 441 4568 atque
460 4473 691 4572 utplurimum
713 4464 864 4540 derrfitate
881 4467 932 4538 sua
946 4476 981 4539 ur
994 4462 1192 4537 consistentia
1212 4469 1243 4539 vi
1262 4469 1401 4561 quadam
1421 4469 1529 4542 balla«

169 4567 248 4632 nica
269 4565 452 4640 donantur.
879 4600 884 4615 ·

211 4666 252 4730 V·
283 4660 337 4733 Sal
351 4663 469 4734 dicitur
488 4663 520 4732 id
546 4685 644 4733 omne
660 4661 749 4757 quod
772 4665 805 4731 in
833 4660 969 4734 humido
990 4658 1161 4733 exsolvitur
1189 4717 1199 4746 ,
1229 4668 1262 4751 ot
1286 4658 1420 4730 insieco
1443 4679 1527 4728 cons

170 4751 303 4849 ικίάις
327 4753 442 4859 sapore
459 4759 605 4859 quodam
626 4780 787 4856 pungente
816 4761 969 4856 preditus·
985 4759 1040 4831 est.
1064 4761 1101 4826 In
1124 4751 1241 4851 plantis
1257 4752 1298 4826 sal
1321 4754 1375 4923 1rppl
1395 4750 1532 4858 linrpleu
