3646 5430
341 427 344 433 .
396 352 721 431 AcaneMIAE
755 362 1089 439 HISTORIA.
1144 367 1288 444 Ltus.
1498 398 1535 457 7¹

170 445 339 527 accensam
361 450 481 550 politur
499 451 640 550 phialam
655 459 792 526 omnino
805 454 945 530 lucidam
962 459 1149 534 intuebitur.
1167 465 1257 534 Idem
1274 467 1410 561 experiri
1427 464 1537 537 licebit
1554 464 1605 530 ne
1618 469 1668 533 ni·

168 553 198 619 in
214 548 324 620 oculis
340 547 458 621 felium
473 607 486 637 ,
499 554 534 621 in
557 547 673 645 quibus
692 548 746 620 lux
765 550 819 622 illa
835 553 973 626 cretulaea
989 564 1023 628 δι
1046 561 1191 655 vegetior
1203 558 1369 654 apparebit
1385 587 1394 631 ε
1415 559 1581 659 magrofit
1613 584 1664 625 or·

168 644 302 741 quidem
316 645 441 716 indicio
460 669 534 715 cam
557 669 625 714 non
639 643 766 718 aliunde
782 647 884 742 qualrn
901 653 923 721 a
948 647 1129 740 thomice,
1151 679 1221 820 guz
1235 652 1299 724 hoc
1315 654 1424 727 colore
1436 663 1530 756 tingi.
1543 675 1653 750 gama

168 764 241 828 tur,
261 740 306 813 ad
331 740 447 812 oculos
469 740 593 812 nostros
612 736 745 814 resilire.
770 747 846 815 Nec
864 744 956 817 color
972 745 1027 817 ille
1044 771 1126 833 ,aut
1144 775 1163 819 a
1179 754 1226 821 ius
1243 754 1353 844 quivis
1378 751 1533 826 visionem

166 832 262 949 ipsam
280 836 457 910 confundit
481 863 491 910 τ
519 840 694 909 nonenim
713 826 816 911 sensus
838 840 972 913 ullama
997 838 1058 913 suis
1081 850 1208 945 organis
1224 842 1535 944 impreslidnrmex-

167 955 194 1003 ct
215 958 301 1010 runt.
731 1003 733 1006 .

193 960 273 1105 le.
317 1026 487 1128 Imprellio
509 1050 589 1096 vero
611 1027 664 1099 illa
688 1028 819 1105 luminis
843 1036 877 1102 in
901 1031 1056 1106 choro'r‘de
1071 1034 1144 1108 alba
1170 1038 1330 1135 pisluram
1353 1047 1454 1140 magis
1478 1049 1530 1114 vi·

167 1121 319 1214 sbilem,
339 1148 435 1290 guam
448 1129 486 1196 in
511 1126 603 1220 nigra
618 1123 745 1215 efficit,
767 1126 820 1198 sed
841 1150 950 1199 tamen
968 1129 1085 1202 sortior
1107 1133 1203 1204 estin
1228 1137 1318 1231 nigra
1340 1165 1348 1207 ι
1371 1135 1531 1233 quemad-

168 1224 311 1293 modum
375 1245 442 1293 atta
465 1226 562 1318 nigro
582 1220 692 1293 colore
719 1223 840 1296 infesta
862 1219 980 1321 speculi
1008 1228 1118 1298 ustorii
1143 1234 1177 1299 vi
1198 1234 1291 1300 citius
1318 1234 1531 1326 incenditur,

168 1342 276 1480 puam
299 1317 394 1404 alba,
418 1342 495 1388 cum
512 1316 570 1386 ista
589 1316 693 1390 radios
711 1317 825 1391 fortius
847 1343 980 1416 regerat.
1021 1327 1075 1394 Sic
1096 1322 1198 1395 homo
1234 1332 1268 1397 dc
1298 1353 1371 1400 aves
1396 1335 1529 1403 acrioris

184 1433 245 1484 unt
258 1414 469 1510 visus,quam
491 1436 562 1512 pars
577 1415 682 1506 major
703 1419 937 1503 animantium,
959 1419 1047 1514 quod
1070 1443 1139 1491 atra
1162 1421 1320 1494 choroi‘de
1345 1426 1529 1517 donentur,

173 1533 271 1603 quam
291 1510 345 1581 lux
374 1503 746 1581 vehementiusafficit:
771 1513 910 1584 unde&
960 1513 1096 1610 upillam
1116 1520 1217 1614 magis
1239 1517 1445 1592 contrahunt.
1482 1529 1528 1594 Ex

175 1629 238 1700 quo
267 1601 412 1678 efficitur
438 1628 475 1677 ut
500 1602 578 1675 radii
598 1603 729 1677 luminis
750 1611 801 1677 ari
825 1541 996 1706 crystallini
1026 1614 1197 1682 viciniores
1219 1612 1400 1685 distinctam
1426 1624 1529 1716 magia

172 1703 327 1796 pidluram
353 1706 389 1771 in
410 1699 514 1771 fundo
528 1699 611 1771 oculi
625 1699 785 1772 delineent
802 1732 811 1774 :
830 1728 905 1774 cum
921 1709 955 1774 in
970 1703 1127 1802 plerisque
1148 1706 1386 1797 animantibus,
1409 1711 1527 1807 quibus

170 1795 340 1871 choroi'des
362 1796 437 1868 alba
459 1798 532 1883 est,
554 1821 660 1890 neque
675 1797 696 1866 ὲ
711 1796 833 1870 lumine
847 1804 890 1868 ita
912 1799 1095 1896 percellitur
1116 1858 1126 1888 ‚
1144 1801 1265 1900 pupilla
1287 1812 1387 1898 magis
1412 1807 1526 1878 dilate-

170 1913 237 1979 tur,
254 1918 294 1967 ut
312 1893 366 1963 lux
386 1893 517 1964 uberior
529 1894 568 1963 ad
585 1891 775 1964 choro‘idem
788 1893 947 1993 appellat,
970 1919 1076 1992 neque
1095 1901 1129 1965 in
1152 1902 1190 1966 iis
1218 1897 1460 1971 adeb'distindla
1479 1905 1525 1974 est

171 1984 254 2070 risio.
285 1997 416 2065 Verum
433 1987 555 2062 uthuic
573 1985 712 2059 defesiui
731 2012 844 2061 natura
857 1988 1051 2060 succurreret
1074 2048 1085 2079 ,
1117 1991 1335 2090 crystallinum
1361 1997 1525 2070 duriorem

173 2086 322 2158 inmedio
336 2088 468 2177 majoris
489 2090 633 2186 aptavit,
660 2088 718 2181 qui
736 2093 894 2184 majorem
915 2083 1143 2159 refractionem
1167 2096 1201 2161 δι
1229 2093 1335 2160 minus
1357 2089 1524 2168 confusam

173 2175 321 2254 rifionem
341 2178 432 2256 facit.

174 2337 177 2343 .
201 2283 276 2349 Vll.
292 2283 349 2350 Sic
359 2282 392 2347 in
406 2273 542 2373 piscibus
554 2274 669 2374 duplex
683 2275 728 2348 est
741 2276 958 2378 crystallinus:
972 2305 1047 2350 cum
1059 2284 1145 2350 enim
1162 2279 1216 2351 lric
1233 2278 1352 2352 humor
1368 2280 1523 2381 sphaericae

171 2367 204 2447 st
218 2371 352 2472 figura,
390 2373 456 2444 uod
481 2376 561 2444 radii
583 2369 712 2444 luminis
730 2398 768 2444 cx
792 2399 810 2443 a
838 2397 877 2442 ua
898 2379 934 2444 in
953 2399 1028 2444 eum
1044 2374 1215 2445 humorem
1236 2374 1431 2450 transeuntes
1455 2407 1522 2452 non

171 2469 314 2541 multtlm
334 2399 605 2566 instingerentur,
631 2493 670 2540 ac
685 2467 777 2539 focus
791 2399 856 2564 iple
868 2467 996 2567 longius
1008 2492 1105 2563 quam
1121 2494 1176 2565 par
1190 2467 1266 2539 effer
1284 2525 1295 2556 ‚
1320 2473 1447 2546 distaret
1462 2530 1472 2560 ‚
1498 2476 1521 2548 sr

169 2559 430 2635 lenticularemsr
476 2590 558 2652 ram,
573 2586 629 2636 aut
644 2564 821 2661 planiorem
830 2565 943 2634 nasius
957 2559 1045 2649 elles,
1060 2560 1124 2632 hoc
1140 2586 1249 2634 tamen
1260 2563 1524 2641 haberetincom·

173 2661 266 2729 modi
283 2655 383 2756 figura
396 2588 542 2756 spsblica,
558 2663 648 2750 quod
662 2662 741 2730 radii
754 2656 884 2731 resraffi
897 2684 990 2730 axem
1005 2662 1110 2731 minus
1123 2656 1312 2755 equabiliter
1322 2656 1474 2754 secarent,
1489 2676 1524 2741 dt

172 2753 308 2828 confusa
320 2760 418 2852 magis
430 2753 513 2827 soret
527 2752 606 2826 vilio
622 2754 724 2852 quim
737 2759 770 2825 in
782 2753 999 2828 animantibus
1012 2778 1084 2852 quae
1100 2757 1134 2825 in
1148 2758 1220 2826 a‘c‘re
1236 2755 1377 2850 degunt,
1397 2761 1454 2832 nist
1469 2767 1526 2832 in-

167 2854 284 2932 teriore
299 2853 475 2925 &duriore
495 2849 679 2946 crystallino
696 2850 918 2939 donarentur,
945 2859 1035 2946 cujus
1055 2858 1159 2948 major
1184 2848 1338 2931 resradlio
1365 2854 1466 2934 efficit
1487 2880 1525 2932 ut

169 2947 243 3031 radii
257 2952 390 3047 propius
403 2971 497 3016 arem
511 2946 698 3044 frangantur
716 2954 750 3019 de
761 2951 852 3016 citius
863 2953 989 3022 co'e'ant.

211 3051 308 3118 Vlll.
346 3051 472 3116 Verum
489 3044 539 3113 his
557 3050 590 3115 &
608 3042 677 3113 aliis
701 3038 822 3114 omiffis
853 3048 897 3117 D.
929 3047 1086 3114 Mariotte
1098 3040 1253 3141 infignem
1268 3043 1526 3124 observationem

167 3139 324 3238 urgebat,
350 3164 422 3236 quae
442 3137 578 3237 publicis
596 3134 718 3236 scriptis
730 3134 829 3208 fustus
846 3139 889 3208 est
907 3161 1062 3212 enarrata.
1097 3126 1290 3212 Charrblam
1303 3141 1409 3214 albam
1422 3150 1455 3216 in
1472 3152 1528 3218 ni-

167 3262 223 3336 gro
240 3235 348 3308 sundo
363 3231 501 3335 positam
513 3235 552 3306 acl
573 3235 660 3305 oculi
673 3234 875 3305 altitudinem
892 3228 1016 3322 affixit,
1032 3240 1197 3307 utineam
1212 3234 1294 3308 risus
1314 3244 1397 3310 acies
1407 3241 1527 3342 dirige.

169 3355 249 3403 retur
273 3368 285 3422 ;
308 3333 445 3404 alteram
458 3328 582 3401 duobus
600 3353 656 3402 aut
669 3331 794 3401 circiter
835 3328 944 3402 edibus
966 3336 1102 3429 aptiori
1120 3354 1281 3403 remotam
1303 3336 1341 3404 ad
1363 3335 1525 3408 dexteram

166 3427 318 3501 collocari
331 3422 429 3517 iussit.
453 3425 573 3499 Clauso
590 3428 720 3497 interim
745 3354 867 3496 sinisto
882 3426 1001 3514 oculo,
1025 3430 1185 3500 &dextro
1204 3428 1245 3497 ad
1266 3435 1407 3526 priorem
1418 3432 1526 3501 ‘char-

168 3525 267 3596 culam
284 3521 393 3595 deliro
410 3521 566 3620 paulatim
582 3522 741 3593 recedenti
762 3520 802 3590 ad
819 3555 853 3604 ι).
869 3518 969 3616 usque
989 3524 1082 3618 pedes
1103 3577 1115 3608 ‚
1141 3545 1212 3593 tum
1239 3524 1394 3619 posterior
1418 3523 1528 3597 charta

168 3615 386 3692 subobtutum
400 3640 468 3689 non
484 3624 591 3704 venit,
608 3612 695 3714 quast
719 3614 871 3688 subdunt
893 3613 997 3688 suisset
1012 3674 1022 3704 ,
1040 3640 1115 3687 curn
1144 3641 1191 3686 res
1214 3621 1425 3710 eircumjrslae
1451 3618 1528 3695 hinc

172 3716 240 3783 inde
256 3719 466 3800 riderentur,
484 3717 574 3808 quod
585 3714 675 3784 locus
685 3717 836 3812 imaginis
847 3717 881 3783 in
891 3708 956 3782 basi
972 3717 1060 3782 nerui
1076 3715 1174 3810 optici
1188 3765 1199 3796 ,
1214 3709 1273 3783 ubi
1283 3711 1452 3786 choro'r'dcs
1468 3716 1527 3786 de.

173 3806 252 3879 iecit
263 3810 387 3896 ,nullus
399 3805 492 3893 esset,
509 3811 596 3883 nulla
610 3809 691 3878 adeo
709 3813 756 3879 rei
772 3805 905 3903 objeslae
921 3803 1050 3907 species.
1073 3812 1176 3880 Porro
1189 3808 1244 3881 illa
1258 3808 1401 3879 distantia
1411 3810 1526 3884 charta

171 3903 220 3975 ab
239 3905 330 3974 oculo
340 3902 509 4003 respondet
520 3906 671 3977 distantiae
693 3907 792 3976 centri
805 3901 935 3974 visionis
955 3905 978 3977 a
997 3902 1061 3975 basr
1086 3910 1176 3975 nervi
1197 3909 1297 4004 optici
1322 3929 1397 3975 cum
1415 3910 1525 3979 eadem

165 3994 243 4072 basi
263 4023 472 4097 comparatae,
500 4001 675 4096 utrobique
696 4005 784 4070 enim
810 4000 854 4070 est
872 3999 939 4072 sets
954 4003 1064 4072 eadem
1082 4005 1252 4098 proportio
1276 4001 1371 4086 ‚hoc
1394 4004 1438 4074 est
1462 4061 1472 4092 ,
1501 4002 1524 4074 fi

164 4098 331 4179 diameter
348 4096 457 4172 circuli
471 4095 630 4168 chartacei
650 4094 687 4170 stt
709 4094 778 4167 ferd
801 4120 870 4193 part
884 4098 1008 4166 decima
1026 4099 1177 4168 distantiae
1191 4097 1309 4169 oculia
1329 4099 1437 4169 charta
1454 4155 1463 4184 ,
1480 4105 1526 4169 ira

169 4213 326 4263 centrum
339 4187 463 4262 risonis
475 4249 485 4277 ‚
499 4195 587 4288 quod
602 4195 623 4264 ὲ
636 4191 699 4264 basi
714 4196 804 4262 nervi
824 4197 926 4291 oprici
939 4225 955 4274 7
971 4217 1026 4262 aut
1040 4194 1165 4261 circiter
1178 4193 1266 4264 lineis
1286 4195 1375 4266 distat
1390 4252 1401 4283 ,
1423 4196 1529 4264 decies

168 4287 238 4360 ferd
260 4291 407 4360 continet
423 4288 614 4361 diametrum
631 4286 711 4358 bafis
726 4291 817 4358 nervi
840 4291 966 4386 optici,
987 4288 1140 4384 nempe-⁵
1166 4293 1257 4357 unius
1271 4288 1371 4361 lintae.

161 4430 168 4463 ·.
223 4389 338 4478 Quare
356 4382 423 4454 duo
434 4379 515 4454 siunt
528 4381 687 4483 triangula
698 4381 754 4453 fibi
770 4387 910 4452 invicem
925 4381 1036 4453 smilia
1054 4439 1064 4468 ,
1085 4376 1135 4454 δί
1157 4385 1351 4482 equiangula
1379 4443 1389 4473 ,
1433 4388 1525 4456 unius

161 4527 167 4536 ·
260 4479 306 4548 est
324 4484 359 4550 in
381 4478 479 4549 oculo
494 4537 504 4566 ,
518 4477 598 4550 basrs
610 4489 643 4552 in
659 4478 738 4550 orbe
750 4478 919 4550 chartaceo
940 4478 1105 4577 posteriori
1122 4534 1131 4564 ,
1146 4479 1273 4549 alterius
1285 4481 1435 4579 trianguli
1447 4502 1526 4573 apex

168 4504 266 4648 :lein
283 4597 400 4646 centro
422 4570 552 4646 visionis
566 4633 576 4664 ‚
591 4575 670 4647 bafis
684 4580 719 4645 in
736 4575 893 4650 diametro
909 4577 998 4646 nervi
1021 4577 1132 4673 optici.
1173 4571 1259 4643 Cum
1281 4597 1389 4645 autem
1416 4580 1526 4668 imago

156 4672 283 4754 ‚cnmli
298 4670 462 4743 chartacei
472 4676 509 4744 in
524 4668 625 4743 bafim
645 4676 737 4742 nervi
761 4673 861 4768 optiei
881 4673 995 4742 incidit
1016 4727 1025 4754 ,
1062 4669 1219 4766 illamque
1236 4673 1393 4764 integram
1414 4672 1524 4765 tegit,

168 4766 254 4842 illius
283 4766 433 4866 imaginis
458 4766 641 4865 nullusest
660 4763 762 4871 serrsus
782 4820 797 4854 ,
821 4767 911 4841 nulla
934 4765 1117 4866 impressio..
1151 4770 1198 4840 Ex
1224 4790 1297 4864 quo.
1315 4760 1529 4840 concludebat
