3646 5430
418 356 462 423 62·
734 342 924 416 REGIAE
987 335 1432 411 SCIENTIARUM

288 445 400 523 dun.
420 446 522 543 magis
538 436 694 515 terrestres
711 437 902 532 judicantur.
934 437 1059 506 Imoex
1080 439 1119 506 iis
1146 438 1227 506 vires
1253 434 1385 506 medica:
1410 433 1625 528 quarumdam
1648 435 1783 536 planta-³

202 582 205 586 *
285 555 382 638 1669.
421 566 493 611 rum
509 541 677 610 ducuntur·
706 538 789 628 Qae
805 559 856 606 ex.
880 558 931 632 gr.
947 531 1133 605 vulneratiae
1153 529 1331 615 dicuntur,
1361 529 1491 601 acidum
1509 532 1643 602 exedens
1669 557 1785 608 carnes
1806 570 1812 581 ·

421 632 485 707 sale
499 632 557 706 suo
573 628 743 731 sulphureo
760 627 942 704 absorbent.
971 631 1083 725 Atque
1102 625 1136 696 hi
1151 622 1334 722 plantarum
1349 620 1459 712 succi,
1478 630 1560 698 aceri
1580 625 1666 698 illius
1689 631 1784 725 quod

418 730 476 802 sali
489 727 615 831 plumbi
635 728 715 799 inest
737 725 866 799 aculeos
883 719 926 794 iic
949 721 1157 810 obtundunt,
1184 744 1220 792 ut
1243 721 1352 818 liquot
1370 745 1410 792 ex
1429 725 1467 793 iis
1485 720 1645 794 extilletut
1673 729 1784 801 ornn'u

418 823 450 900 sa
475 831 586 898 orirer
628 847 671 896 rs.

278 915 280 920 ’
451 853 537 995 plx.
589 847 641 989 pleae
654 912 691 990 fit
703 918 915 1014 quarumdam
928 913 1099 987 herbarum
1113 916 1310 1003 constitutio,
1326 940 1397 1010 φιτ
1406 937 1531 1005 natura,
1547 916 1722 1008 intrato,
1745 944 1784 997 ut

417 1038 560 1104 vocant,
582 1038 622 1084 ve
646 1012 800 1113 crystallis
812 1038 883 1110 φιτ
894 1018 930 1084 in
943 1009 1042 1083 succis
1053 1035 1164 1081 earum
1177 1011 1335 1109 deputatis
1348 1016 1381 1079 in
1397 1010 1516 1110 frigido
1531 1010 1609 1083 loco
1628 1013 1783 1089 contrell-

420 1136 521 1198 cunt,
542 1112 712 1210 postquam
727 1133 797 1207 pars
808 1133 919 1180 earum
931 1108 1041 1203 aliqua
1052 1104 1235 1191 exhalavit,
1256 1101 1456 1204 perspedium
1469 1106 1529 1179 effe
1549 1106 1666 1204 potest.
1687 1114 1783 1188 Nam

418 1205 462 1280 sal
482 1208 535 1279 ille
549 1202 807 1291 essentialis‚seu
821 1228 978 1276 tartarum
999 1209 1033 1273 in
1060 1207 1176 1273 amaris
1194 1200 1330 1296 plantis,
1356 1222 1391 1271 ut
1413 1207 1448 1271 in
1472 1201 1633 1291 fumaria,
1661 1208 1784 1281 carduo

419 1301 592 1375 benedido
618 1311 682 1374 dcc.
706 1295 842 1372 nitrosus
857 1301 902 1371 est
920 1309 955 1374 δε
976 1295 1168 1392 salempetrae
1181 1295 1278 1367 refert
1293 1331 1302 1386 3
1317 1302 1351 1367 in
1369 1295 1569 1388 acrioribus,
1594 1322 1631 1370 ut
1655 1304 1689 1371 in
1707 1300 1782 1375 nas.

421 1402 524 1468 turtio
535 1398 712 1469 admodum
728 1397 772 1469 est
785 1393 949 1485 volatilis3
966 1399 1001 1465 in
1013 1396 1134 1473 acidis,
1152 1416 1187 1463 ut
1212 1396 1246 1463 in
1266 1389 1393 1465 acetosa
1411 1447 1424 1481 ,
1449 1399 1557 1493 pomis
1576 1394 1779 1493 agrestibus,

421 1490 581 1564 frudibus
600 1496 779 1564 immaturis
793 1548 804 1578 ‚
824 1512 946 1560 tartaro
958 1493 1026 1562 vini
1040 1514 1109 1560 non
1124 1489 1167 1559 est
1182 1485 1343 1562 abfimilis.

432 1571 436 1583 ¹
469 1593 514 1662 X.
555 1589 724 1661 Postremo
740 1609 810 1680 φτ
824 1582 860 1655 fit
875 1582 988 1683 plautae
1003 1589 1171 1683 temperies
1184 1642 1195 1673 ,
1208 1605 1262 1654 aut
1275 1583 1393 1748 puibus
1406 1587 1528 1659 constet
1546 1591 1711 1691 principiis
1721 1653 1734 1685 ‚
1743 1621 1783 1670 ex

419 1686 512 1779 aquis
527 1681 703 1762 distillatis,
725 1706 765 1751 ex
778 1676 958 1777 liquoribus
977 1701 1047 1751 tum
1060 1681 1180 1768 acidis,
1195 1705 1265 1751 tum
1293 1678 1452 1778 ulphureis
1478 1737 1489 1768 ,
1515 1682 1645 1759 oleis&
1663 1686 1783 1764 salibus

420 1780 454 1847 di
501 1774 565 1848 osci
584 1800 682 1849 uteun
709 1801 750 1846 ue
765 1777 881 1872 potest.
910 1779 1013 1872 Αφιτ
1026 1773 1209 1846 extillantut
1222 1777 1256 1842 in
1269 1773 1385 1846 balneo
1398 1782 1493 1847 maris
1514 1833 1525 1865 ,
1544 1775 1670 1876 spiritns
1694 1790 1782 1861 acidi

420 1803 582 1944 velnactes
607 1877 641 1942 in
656 1803 775 1942 bdlneo
790 1866 974 1967 vaporoso,
993 1894 1030 1943 ut
1046 1893 1189 1957 vocant,
1205 1892 1260 1941 aut
1280 1875 1315 1940 in
1333 1869 1595 1971 refrigerando,
1609 1880 1643 1947 in
1657 1903 1780 1955 retorta

421 1971 503 2037 uero
527 1965 669 2063 liquores
686 1990 756 2038 rum
782 1967 958 2055 aridiores,
979 1990 1049 2038 tum
1063 1962 1161 2037 oleosr
1174 1969 1305 2056 majoris
1321 1970 1403 2064 ignis
1425 1972 1460 2039 vi
1470 1968 1661 2044 attolluntur
1674 2010 1685 2067 3
1699 1974 1780 2051 salet

421 2058 476 2131 fixi
488 2061 559 2159 post
574 2062 819 2133 calcinationem
839 2085 894 2158 per
908 2059 1016 2133 lixivia
1040 2062 1216 2132 educuntur
1231 2062 1248 2130 ὲ
1263 2062 1431 2138 cineribus
1738 2116 1749 2130 .

470 2161 546 2320 (φα
558 2179 637 2226 vero
655 2160 779 2228 ratione
799 2178 890 2253 aquae
912 2166 945 2230 dc
964 2153 1040 2230 sales
1061 2154 1240 2254 probari&
1268 2159 1401 2256 expendi
1416 2158 1566 2261 poffint,
1589 2188 1661 2239 tum
1682 2165 1779 2242 fufiu,

421 2274 504 2348 expo
519 2254 565 2320 uit
576 2305 587 2337 ‚
599 2252 697 2348 idque
711 2249 769 2322 suo
783 2250 859 2325 loco
873 2252 1050 2326 reddemus.

444 2450 1776 2494 —————..........—-

843 2567 1168 2669 cnuur
1283 2593 1390 2679 ιιι.

290 2863 296 2904 :
423 2797 477 2868 De
500 2785 667 2869 dotatrice
685 2786 755 2896 stu
779 2784 822 2870 dc
840 2813 876 2869 re
895 2785 1090 2984 hesperia,
1121 2820 1165 2876 er
1174 2800 1333 2910 primurn
1360 2799 1404 2883 de
1420 2800 1520 2910 βοαί
1548 2810 1698 2889 nutriris·
1731 2812 1775 2891 in

925 2930 1067 3021 partus
1091 2917 1254 2996 rrrcrr‘rrr.

417 3094 446 3164 1.
514 3092 552 3163 Ν
579 3089 649 3192 ipso
656 3116 744 3262 pene
760 3092 913 3172 nascentis
927 3101 1108 3175 Academiae
1134 3107 1266 3177 exordio
1292 3111 1492 3206 conjesturas
1514 3107 1582 3182 suas
1604 3113 1644 3187 de
1667 3119 1775 3188 circu:

516 3190 637 3261 latione
671 3195 742 3263 ucci
756 3197 880 3265 nutritii
902 3199 937 3266 in
952 3195 1073 3361 plantis
1095 3226 1155 3297 pro
1179 3198 1302 3274 osuerat
1324 3209 1370 3278 D.
1401 3207 1572 3295 Perrault,
1595 3234 1671 3283 cnm
1690 3216 1773 3285 inter

419 3285 632 3357 Academicos
653 3290 698 3360 D.
716 3291 952 3362 Matiottenon
975 3292 1115 3366 umeiiet
1133 3228 1255 3380 aloitus,
1281 3301 1410 3374 Hicdie
1422 3305 1664 3402 27.Juniianni
1679 3319 1771 3400 1667.

417 3403 494 3453 curn
508 3380 652 3455 derebus
676 3387 839 3457 Botanicis
857 3379 963 3458 sermo
984 3384 1153 3463 haberetur
1171 3447 1182 3479 ‚
1203 3394 1304 3466 multa
1327 3392 1398 3467 aise
1417 3398 1585 3472 observata
1608 3403 1771 3497 protulit,

416 3475 536 3644 puibus
547 3473 631 3549 succi
649 3481 774 3552 nutritii
789 3484 824 3552 in
847 3480 987 3581 plantis,
1016 3507 1051 3557 ut
1076 3481 1235 3584 sanguinis
1255 3495 1289 3561 in
1312 3492 1501 3565 animalibus
1521 3500 1670 3570 circuitus
1691 3524 1771 3597 pene

440 3575 663 3650 emonstrarur.
692 3579 758 3648 Res
770 3576 851 3649 adeo
864 3574 930 3648 visa
951 3581 997 3651 est
1020 3581 1169 3655 omnibus
1182 3586 1308 3684 digna,
1333 3612 1404 3684 φιτ
1429 3589 1596 3688 diligenter
1616 3598 1772 3692 expende-

417 3691 515 3744 retur.
551 3669 662 3742 Ambo
675 3667 747 3742 sunt
759 3678 864 3771 rogati
879 3696 946 3746 utc
995 3681 1140 3751 'tationes
1160 3678 1226 3751 suas
1243 3690 1276 3754 δι
1295 3688 1433 3755 rationes
1454 3689 1600 3783 proxima
1624 3690 1676 3760 die
1693 3717 1770 3787 pro·

415 3785 586 3855 ponerent.
616 3768 717 3865 Qud
736 3766 777 3836 ab
803 3701 1088 3863 utroqueollbum
1103 3776 1188 3865 fuit,
1211 3802 1249 3848 ac
1264 3778 1371 3875 postea
1385 3783 1420 3850 in
1445 3781 1672 3854 terrraminibus
1687 3785 1770 3886 Phy-

416 3850 486 3964 sicis
499 3861 533 3926 in
547 3857 713 3954 publicum
730 3859 846 3931 emiffis
859 3857 1047 3936 sententiam
1063 3866 1197 3966 quisque
1214 3870 1302 3945 suam
1317 3873 1491 3946 rationibus
1509 3882 1544 3948 &
1568 3882 1771 3974 experimen·

416 3970 458 4018 trs
473 3957 632 4023 munitam
657 3953 822 4026 mandavit
843 3955 967 4033 litteris.
1004 3963 1206 4050 conjectura
1233 3975 1280 4044 D.
1305 3969 1448 4044 Perrault
1473 3979 1507 4043 dr
1532 3967 1770 4048 observationes

412 4040 633 4237 {patffnsgfflk
648 4048 719 4123 sunt
737 4046 896 4147 e¹1²⁰&ss-
923 4059 1006 4153 Qae
1019 4063 1041 4130 d
1052 4064 1097 4132 D.
1120 4063 1278 4138 Mariotte
1288 4062 1360 4138 sunt
1373 4063 1562 4154 observata,
1581 4063 1770 4144 sunmrarim

461 4233 612 4348 Primum
627 4238 659 4309 id
671 4243 916 4333 animadvertit,
944 4247 1114 4325 herbarum
1131 4279 1201 4352 quae
1225 4254 1330 4328 lacteo
1344 4257 1439 4332 succo
1461 4280 1517 4332 aut
1536 4256 1623 4332 flavo
1638 4283 1771 4360 turgent

415 4329 519 4402 caules
546 4331 628 4404 rnfra
645 4360 751 4407 ramos
774 4334 941 4430 refesti,d
965 4371 1054 4444 parre
1073 4345 1232 4449 superiore
1252 4361 1286 4425 dt
1307 4351 1394 4428 foliis
1409 4361 1562 4454 propiore
1584 4353 1770 4434 uberiorem

414 4419 545 4498 succum
560 4427 699 4525 praebere
721 4433 822 4528 quim
845 4437 864 4508 ὲ
889 4463 978 4537 parte
996 4441 1140 4517 inferiori
1155 4445 1261 4519 versus
1280 4451 1443 4524 radicem:
1465 4454 1555 4551 quod
1568 4457 1680 4551 utique
1700 4477 1771 4530 ιιοιι

412 4526 576 4611 eveniret,
597 4521 739 4598 srsuccus
757 4536 864 4603 omnis
883 4532 987 4609 versus
1007 4562 1149 4613 extrema
1169 4542 1283 4641 plantae
1299 4544 1481 4643 pelleretur.

439 4619 593 4727 ‘Referre
602 4624 718 4694 iterum
728 4625 839 4724 planrd
847 4630 881 4701 in
892 4654 930 4701 ea
942 4656 1031 4731 parte
1043 4642 1094 4706 cui
1105 4635 1213 4709 insunt
1225 4637 1326 4728 folia,
1345 4642 1425 4715 nihil
1440 4668 1495 4719 aur
1508 4669 1680 4746 perparum
1700 4643 1768 4720 suc·'

416 4733 448 4792 ‚cr
464 4707 584 4792 sursum
604 4716 727 4814 fertur,
744 4719 797 4795 sed
819 4723 976 4827 plurimus
992 4729 1148 4807 delabitur
1161 4735 1180 4807 ὲ
1195 4732 1393 4813 frondibus:
1423 4745 1513 4839 quod
1533 4747 1669 4845 experiri
1689 4745 1769 4823 lieet
