3646 5430
245 423 316 569 go
562 387 742 471 ΗΜ
805 371 1256 456 SCIENTIARUM

108 515 232 591 Anu.

268 503 293 570 ‘u
311 491 534 598 deptellinrrm
546 484 607 560 else
622 489 741 557 Monte
757 481 964 555 Santauriaco
1006 498 1074 572 qno
1093 476 1247 544 nimirum
1268 489 1352 567 aqua
1366 469 1531 569 profluens
1543 494 1611 547 erar

107 626 166 702 ¹⁶7
189 669 197 688 ,
247 593 469 693 perducenla,
486 589 623 669 omnino
637 585 807 677 comperit.
830 571 950 651 Nihilo
965 531 1077 647 ffmen
1096 573 1201 681 minut
1217 573 1269 680 D.
1280 568 1404 677 Riquet
1415 575 1449 640 in
1461 565 1515 641 sua
1528 570 1611 679 pers·

107 714 153 779 ὃς·
168 647 211 804 {5
247 694 314 769 titit
338 686 521 771 sententia,
542 684 619 765 dum
646 671 805 755 rediissent
824 670 1017 754 libellatores
1039 690 1121 763 quos
1146 661 1249 737 rnscro
1270 669 1315 736 D.
1335 668 1451 741 Picard
1476 672 1613 747 miserat.

214 766 224 785 ’
247 791 337 860 Tum
363 793 449 857 enim
472 781 513 868 ab
530 785 676 877 intoepto
693 770 834 855 delillere
856 762 939 840 visus
962 768 1006 839 est
1031 823 1042 853 ,
1064 763 1162 856 idque
1185 763 1348 857 imprimis
1372 816 1383 847 ,
1408 758 1464 835 ubi
1489 788 1531 835 eo
1555 787 1612 835 co·

249 910 320 966 ram
348 882 533 961 libratinnts
549 879 582 945 in
604 879 752 969 Sequana
775 868 868 942 fatte
890 862 1019 943 suerunt
1042 918 1052 949 ,
1072 860 1171 930 duCto
1192 860 1286 930 initio
1309 854 1329 926 ὲ
1355 880 1439 953 pago
1467 854 1507 925 de
1533 865 1613 931 Stoa

251 965 414 1052 Lutetiam
431 971 529 1072 usque
553 997 563 1043 a
589 976 772 1065 Sequanam
793 963 837 1035 ibi
856 957 939 1031 infra
952 961 1067 1031 aediurn
1089 958 1246 1050 regiarum
1268 946 1429 1035 solum60
1445 954 1526 1026 bera
1550 957 1614 1043 edis

251 1075 390 1173 deprimi
408 1083 473 1169 jam
488 1093 562 1141 ante
575 1083 734 1164 repererat
748 1068 792 1137 D.
807 1056 932 1134 Picard.
957 1060 1048 1128 Hinc
1062 1071 1174 1122 contra
1187 1046 1403 1156 profluentem
1418 984 1613 1124 corbolium

252 1176 422 1269 primum,
440 1167 553 1239 deinde
570 1165 797 1255 Montargium
817 1152 937 1250 usque,
952 1147 1126 1222 secundum
1148 1147 1275 1218 alrrnus
1296 1140 1385 1213 fluvii
1405 1146 1508 1246 vulgo
1540 1153 1614 1217 Loirr

252 1267 328 1337 diui
340 1265 555 1336 declivitatem
568 1257 715 1331 librando
728 1250 886 1339 dimensus
899 1249 1014 1325 fuerat.
1033 1251 1146 1335 Itaque
1162 1247 1206 1314 D.
1218 1242 1343 1334 Riquer
1358 1243 1391 1310 in
1403 1247 1441 1315 iis
1451 1268 1526 1339 quae
1541 1248 1615 1316 adlae

252 1357 380 1431 fuerant
399 1366 420 1432 ai
440 1368 483 1433 D.
508 1364 552 1430 D.
570 1353 682 1428 Picatd
704 1360 736 1423 dr
755 1354 882 1446 Niquet
904 1333 1127 1416 librationibus
1146 1338 1277 1409 tandem
1298 1343 1463 1433 acquievit
1484 1398 1498 1429 ,
1519 1365 1616 1442 arque

251 1454 414 1528 immenfis
429 1451 605 1543 sumptibus
626 1473 662 1518 ea
682 1453 805 1523 ratione
826 1445 985 1539 parcitum
999 1439 1055 1510 est.

342 1577 413 1621 uam
427 1549 571 1622 adhibuit
592 1551 635 1617 D·
655 1543 766 1615 Picard
781 1536 948 1623 libellam,
972 1531 1039 1603 baec
1055 1536 1088 1602 in
1109 1532 1245 1602 traslatu
1267 1538 1333 1618 jam
1352 1527 1480 1606 laudato
1495 1523 1617 1606 descri.

303 1558 382 1731 ᾖ,
397 1646 451 1719 ubi
465 1646 534 1719 aliae
548 1663 682 1740 quoque
704 1636 818 1716 libellae
837 1640 857 1717 fa
876 1638 920 1709 D.
946 1636 990 1702 D.
1008 1633 1163 1725 Hugcns‚
1178 1631 1323 1701 Ro'c'mer
1350 1683 1360 1713 ,
1382 1631 1422 1700 do
1449 1629 1480 1699 la
1503 1635 1617 1720 Hire,

250 1671 324 1827 Ριξξι
342 1743 528 1911 dselincptae,
550 1762 586 1812 ut
599 1736 670 1813 illas
693 1738 845 1815 omittam
869 1753 940 1826 quq
960 1724 1002 1797 ab
1022 1724 1091 1799 aliis
1113 1723 1314 1799 Academicis
1336 1728 1475 1805 inventae
1496 1723 1618 1829 publici

254 1851 263 1866 '
290 1847 332 1912 ris
411 1862 424 1913 t
456 1840 545 1913 atta.
1456 1879 1461 1887 .

252 1865 288 1940 ,μ
300 1920 345 2014 Π.
367 1864 458 2011 ῗιῖῑεῐ
471 1916 559 2006 varia
574 1928 770 2004 Geomerriae
791 1920 1012 2022 problemata,
1027 1943 1097 2013 qua:
1115 1917 1179 1987 hoc
1200 1917 1333 1990 biennio
1347 1913 1419 1999 sunt
1442 1915 1618 2018 propofira,

252 2031 332 2123 illud
346 2027 467 2129 insigne
479 2027 541 2101 suit
555 2025 644 2122 quod
659 2027 681 2094 d
698 2027 739 2097 D·
756 2026 840 2095 Buot
858 2016 999 2090 solutum
1012 2011 1074 2086 fuit
1091 2014 1131 2086 dc
1147 2014 1325 2086 concboide
1333 2016 1477 2180 guardam
1492 2017 1620 2106 circuli,

256 2154 357 2227 quarn
380 2130 422 2194 D·
444 2118 553 2208 Pascal
572 2126 739 2192 Limacem
761 2138 817 2187 aut
830 2113 999 2185 cochleam
1012 2108 1173 2207 appellat,
1191 2111 1331 2200 cujusde
1346 2115 1543 2210 criptionetn
1559 2113 1619 2185 do-

256 2245 309 2311 cet
329 2232 374 2299 D.
389 2227 484 2294 Buot.
507 2224 589 2293 Hac
605 2215 648 2292 cll
662 2209 780 2312 speeies
796 2211 943 2306 quaedam
964 2203 1153 2278 conchoidis
1171 2205 1357 2292 circularis,
1374 2215 1464 2279 eu'us
1475 2205 1568 2306 polus
1577 2209 1620 2280 cll

256 2322 291 2394 in
305 2321 505 2399 extremitate
514 2316 663 2389 diametri
674 2308 786 2385 circuli
798 2362 808 2392 ,
820 2329 896 2386 cum
918 2301 1054 2375 aliarum
1067 2309 1133 2395 ejus
1152 2306 1276 2399 genesis
1294 2303 1389 2402 polus
1403 2234 1442 2376 dr
1465 2303 1520 2376 rel
1540 2310 1620 2378 intra

258 2414 313 2500 rel
323 2437 411 2489 extra
428 2411 607 2493 circulum,
623 2404 720 2489 sedin
733 2405 849 2476 eodem
864 2400 973 2498 plano.
1608 2467 1612 2474 .

247 2565 255 2571 -
306 2515 396 2584 Tum
412 2507 461 2578 bis
476 2505 609 2592 subrecit
618 2508 776 2574 rationem
786 2521 849 2594 qua
861 2521 992 2592 tangens
1001 2495 1095 2586 hujus
1106 2496 1245 2571 cochlea
1257 2493 1391 2595 &spatii
1400 2495 1619 2598 comprehensi

259 2603 418 2695 dimenfio
430 2607 627 2700 reperiatur:
645 2598 734 2695 quod
748 2589 915 2694 problema
928 2590 1032 2664 fuerat
1052 2597 1073 2664 a
1092 2599 1137 2667 D.
1160 2596 1199 2665 de
1221 2591 1387 2666 Roberval
1409 2592 1619 2695 propositum.

260 2706 344 2785 Haec
356 2699 587 2781 demonstratio
598 2699 632 2764 in
643 2692 884 2763 commentariis
898 2689 1079 2761 Academiae
1090 2690 1134 2761 est
1148 2688 1346 2788 confignata.
1366 2694 1466 2762 Nota
1488 2718 1557 2788 quo
1581 2715 1619 2763 ut

260 2794 499 2882 demonstrandi
513 2786 643 2890 propos.
654 2815 713 2882 47.
724 2783 797 2858 libr.
809 2806 835 2856 1.
845 2782 982 2856 Euclidis
994 2789 1075 2855 ratio
1087 2792 1109 2870 al
1122 2789 1271 2858 Domino
1291 2786 1435 2857 Ro'c'rntr
1456 2717 1619 2887 propobta

260 2889 324 2977 fuit
338 2899 371 2963 ει
386 2887 529 2988 persesta
544 2943 554 2973 ‚
575 2885 648 2953 Sine
662 2879 832 2976 triangulis
848 2877 904 2946 vel
913 2879 1069 2975 parallelo
1095 2882 1219 2948 rammir
1236 2903 1319 2973 aque
1332 2880 1416 2948 altit.

307 2986 398 3059 Idem
413 2979 533 3083 scripfit
548 2982 587 3052 de
600 2981 713 3053 statera
728 2978 854 3050 ironica
866 2983 899 3049 dt
910 2903 1140 3066 ejusdivinlme
1153 2983 1186 3047 in
1199 2980 1411 3075 proportione
1421 2973 1619 3068 bononia,

260 3079 319 3163 nbi
329 3081 477 3177 quaedam
490 3075 572 3157 scitu
586 3076 681 3175 digna
694 3077 732 3147 de
748 3073 944 3145 harmonicis
958 3069 1135 3145 rationibus
1143 3068 1285 3146 inseruit.

312 3182 354 3261 ΙΙ
372 3183 395 3246 l.
419 3174 488 3248 Sub
506 3174 592 3247 idem
609 3196 736 3270 tempus
748 3174 793 3243 D·
810 3160 930 3238 Callini
946 3168 1110 3261 quoddam
1131 3168 1274 3270 exposuit
1295 3165 1384 3241 librae
1404 3191 1507 3268 gertus
1535 3178 1620 3255 cuiue

185 3303 191 3311 ·
260 3298 324 3372 ope
338 3279 477 3369 pretium
496 3274 610 3357 nereis
620 3295 662 3381 ap
685 3264 764 3340 ensae
776 3257 919 3360 dignosci
931 3263 1032 3357 potest
1054 3270 1132 3335 citra
1154 3266 1326 3337 calculum.
1359 3266 1470 3337 Aliam
1492 3289 1619 3363 quoque

259 3366 422 3550 ffispfi‘
436 3369 584 3442 stateram
595 3368 668 3439 Ant
727 3366 846 3443 ericam
860 3384 870 3429 :
884 3353 935 3430 scd
950 3356 998 3445 he
1017 3360 1086 3430 duat
1102 3362 1268 3460 postremae
1282 3366 1316 3433 in
1331 3362 1423 3433 nun
1441 3362 1619 3434 Academia

278 3490 322 3548 ,ei
345 3486 486 3541 erantur.
1052 3497 1061 3514 ·

292 3579 296 3585 ·
317 3564 333 3635 1
351 3566 394 3635 V.
431 3558 514 3632 Illud
534 3586 587 3631 ma
612 3565 637 3632 is
652 3559 693 3631 ad
708 3555 889 3627 institutum
907 3551 1051 3625 nostrum
1073 3556 1198 3627 videtur
1224 3558 1412 3656 pertinere,
1435 3580 1518 3654 opus
1544 3552 1620 3653 julla

260 3659 295 3735 R
341 3659 364 3725 's
383 3651 562 3753 susceptum
585 3585 625 3727 de
646 3650 873 3726 machinatrice
897 3645 1040 3726 scientia.
1075 3656 1272 3751 Dic19Juni
1285 3659 1362 3724 anni
1376 3666 1463 3749 1675.
1484 3659 1530 3728 D.
1548 3659 1623 3728 Per·

261 3777 318 3837 rau
333 3774 345 3822 t
359 3756 411 3829 cui
423 3775 456 3820 ut
468 3750 527 3823 Ins
542 3756 644 3824 euori
655 3752 837 3846 Regiorum
846 3741 1052 3821 edificiorum
1064 3748 1131 3819 baec
1145 3774 1219 3820 cura
1238 3773 1308 3820 tum
1329 3774 1396 3823 erat
1406 3749 1621 3838 denondan,

262 3846 371 3929 millm
397 3857 418 3917 a
442 3851 487 3919 D.
513 3781 650 3919 dolbert
666 3901 678 3934 ,
693 3868 766 3915 cani
790 3845 841 3912 Re
865 3840 1101 3917 involuntatem
1118 3840 1179 3915 else
1198 3846 1430 3932 denuntiavit,
1459 3867 1495 3918 ut
1522 3843 1621 3917 scien·

259 3946 381 4023 riarum
396 3941 567 4012 Academia
581 3942 620 4011 de
633 3943 757 4010 ratione
771 3867 991 4008 conscribendi
1011 3941 1180 4016 Tradlatus
1201 3940 1387 4015 Methanici
1420 3938 1502 4012 serio
1531 3945 1620 4039 cogi·

260 4057 366 4121 taret,
390 4039 443 4109 cui
457 4035 620 4108 machinas
634 4031 754 4108 artibus
775 4036 809 4104 in
834 4031 940 4105 Gallia
959 4042 993 4106 dt
1006 4061 1075 4109 tora
1086 4043 1214 4132 Europa
1229 4032 1347 4108 ufitaris
1368 4037 1458 4108 utiles
1473 4033 1517 4110 lic
1528 4031 1622 4128 subii·

261 4154 368 4220 erret,
383 4155 419 4209 ut
436 4127 477 4203 ab
494 4135 584 4203 omni
600 4132 682 4230 perid
701 4130 873 4202 hominum
889 4152 1004 4224 genere
1031 4129 1132 4234 pollet
1161 4132 1296 4230 intelligi
1319 4188 1329 4218 ,
1358 4130 1448 4205 simul
1468 4131 1531 4206 bos
1552 4127 1621 4206 seli·

261 4251 351 4324 geret
371 4253 454 4324 quos
483 4226 675 4303 delineandis
692 4226 741 4297 his
764 4224 921 4296 machinis
951 4228 1085 4301 idoneos
1103 4227 1271 4322 judiearet.
1302 4233 1356 4300 De
1384 4227 1493 4301 forma
1518 4237 1554 4302 dt
1572 4253 1623 4303 ra·

211 4397 214 4404 ,
261 4327 350 4407 tione
375 4325 468 4417 hujus
486 4351 506 4404 o
530 4331 591 4395 eris
613 4349 689 4395 cum
704 4327 739 4392 in
755 4347 823 4393 ruso
840 4327 966 4403 irena&
986 4324 1089 4397 altero
1102 4321 1268 4422 congressu
1284 4323 1359 4406 ellet
1384 4321 1622 4417 deliberatum,

260 4425 295 4502 ἃ
320 4415 408 4492 suam
437 4350 573 4517 quisbue
598 4420 785 4493 sententiam
808 4409 928 4511 scripto
943 4444 981 4488 ex
1005 4418 1163 4508 eluisset,
1190 4423 1221 4490 id
1243 4419 1322 4489 milri
1347 4424 1490 4497 muneris,
1512 4424 1622 4498 datum

260 4515 360 4683 glut
376 4541 415 4587 er
429 4519 523 4589 varus
536 4512 658 4619 scriptis
673 4513 921 4588 summariumc
989 4540 1094 4591 cerem
1122 4574 1134 4607 ,
1165 4518 1254 4614 quod
1278 4516 1318 4591 ed
1339 4520 1388 4593 D.
1410 4514 1552 4599 edbert
1569 4522 1622 4594 de·

298 4636 411 4690 rrerur.

306 4712 350 4781 V.
385 4707 467 4782 lllud
490 4713 634 4824 primurn
655 4706 865 4781 animadverti
887 4734 999 4785 omnes
1011 4734 1093 4809 pene
1114 4711 1150 4783 in
1172 4734 1214 4781 eo
1233 4708 1464 4786 consentirent
1487 4717 1624 4812 opttsiu

257 4799 337 4909 duas
353 4827 460 4906 partes
479 4803 697 4909 rrrbnmeturr
728 4828 801 4903 quae
822 4805 864 4883 ad
878 4803 1045 4901 theounn
1058 4805 1308 4906 huronici-entia
1329 4811 1366 4890 iu
1391 4811 1501 4910 prim
1516 4831 1621 4910 perte,
