3646 5430
394 293 743 375 ncnnrtrrn
789 287 1275 380 tarsrortrmnnv.
1500 308 1550 398 a«
1607 390 1616 409 ,

188 389 335 491 'pltonlut
347 393 516 485 Borellus,
533 397 587 468 ille
604 403 638 468 in
652 395 838 468 mechanica
847 397 1057 484 animalium,
1072 395 1125 470 hic
1147 405 1180 469 in
1206 416 1305 497 opere
1324 393 1382 471 suo
1399 395 1439 471 de
1455 425 1549 473 motu
1563 387 1650 480 Hrl·

186 489 395 565 animalium.
422 493 546 563 ldvero
563 499 608 567 D.
627 497 726 589 Mery
745 498 864 590 recepit
877 490 948 562 fore
964 516 999 565 ut
1017 494 1205 566 struduram
1231 491 1469 586 musculorum,
1491 499 1548 593 qui
1563 486 1676 562 Anim.

188 589 396 748 producunt,
411 597 445 660 δι
459 587 621 661 retrahunt
629 588 853 686 picilinguam,
864 591 979 658 acriori
991 592 1103 658 animo
1112 590 1322 687 expenderet,
1339 589 1395 662 ubi
1404 598 1548 691 primum

218 692 289 774 ujus
303 686 370 752 avis
385 688 480 781 copia
493 682 579 753 fabia
590 682 694 755 fitillet
708 710 716 756 :
732 683 821 779 quod
858 682 946 753 osted
957 681 998 754 ab
1010 707 1052 753 eo
1065 681 1219 757 effedium
1231 686 1287 759 est.

241 782 309 851 Die
325 792 359 850 16
371 777 572 852 Novembris
589 785 634 854 D.
657 782 754 875 Mery
779 709 1015 850 oblirvationes
1037 777 1105 850 suas
1120 786 1205 852 circa
1226 784 1331 851 varios
1349 779 1463 880 lingua:
1484 790 1550 880 pici

190 893 305 946 motus
323 874 401 970 legit
415 874 433 945 ὲ
449 868 593 971 scripto,
606 897 718 962 nature
739 869 932 960 artificium,
952 875 1141 947 strudiuram
1156 899 1373 974 organorum,
1399 882 1416 949 ὲ
1432 880 1549 973 quibus

189 968 230 1038 hi
243 992 351 1042 motus
368 968 507 1066 pendent
527 1024 538 1056 ,
560 975 685 1042 intento
698 975 811 1040 animo
833 967 1067 1067 contemplatus
1085 971 1117 1038 id
1133 974 1273 1068 primum
1296 973 1431 1044 advertit
1455 973 1549 1070 hujus

163 1133 169 1142 .
190 1072 262 1137 avis
278 1066 422 1163 linguam
440 1089 507 1135 non
535 1065 673 1165 amplius
693 1065 795 1159 quim
807 1088 871 1134 tres
887 1087 942 1134 aut
964 1086 1103 1159 quatuor
1118 1065 1215 1137 lineas
1231 1070 1264 1135 in
1278 1063 1412 1164 longum
1428 1092 1549 1164 patere.

189 1163 288 1236 Nam
302 1183 432 1233 truncus
453 1167 487 1231 δι
502 1167 582 1230 rami
595 1159 668 1232 offis
680 1160 808 1258 hyo't'dis
820 1158 861 1229 ad
874 1157 1017 1255 linguam
1032 1183 1098 1228 non
1136 1165 1295 1245 ertinent,
1315 1185 1421 1255 neque
1434 1186 1549 1239 corum

190 1253 706 1357 longitudohuicttibuendaest,
731 1276 766 1326 ut
786 1258 861 1326 viris
887 1254 1072 1351 pereruditis
1087 1186 1254 1352 Alphonso
1269 1256 1421 1346 Borello,
1444 1268 1477 1332 dc
1502 1266 1549 1336 D.

188 1353 341 1426 Perrault
354 1347 457 1421 visum
475 1349 537 1421 fuit
555 1356 634 1449 ,qui
645 1357 678 1422 in
692 1350 756 1422 hoc
766 1373 958 1449 argumento
972 1344 1084 1421 versati
1096 1345 1179 1425 sunt.

245 1451 371 1546 Lingua
385 1448 416 1517 C
434 1451 520 1543 ,pici
531 1471 569 1517 ex
585 1444 719 1518 officulo
738 1445 912 1516 admodum
933 1441 1023 1515 brevi
1034 1500 1045 1532 ,
1057 1452 1091 1516 δι
1105 1444 1271 1517 corniculo
1282 1442 1453 1542 squamoso
1465 1477 1549 1531 con·

190 1543 280 1633 stab,
298 1569 335 1615 ea
346 1545 390 1614 cst
401 1537 509 1639 figutae
523 1541 748 1639 pyramidalis,
769 1537 849 1610 basto
865 1547 932 1632 ejus
946 1564 1021 1612 curn
1037 1562 1184 1612 extremo
1200 1539 1272 1614 offis
1284 1541 1413 1640 ltyoidis
1427 1554 1474 1623 D.
1491 1558 1549 1650 per

190 1639 451 1711 articulatimnn
467 1641 692 1711 committitur.

247 1741 324 1809 1v.
364 1736 413 1806 Or
433 1731 510 1803 illud
524 1731 653 1827 hpoidis
677 1731 793 1829 stylum
819 1757 953 1828 parvum
978 1729 1116 1807 referens
1131 1792 1141 1823 ,
1157 1733 1236 1803 duos
1256 1731 1390 1831 pollicer
1413 1738 1549 1837 longum

191 1833 261 1920 cst,
277 1825 502 1922 uecampliur,
527 1851 625 1922 quam
642 1825 730 1897 lineae
745 1825 863 1899 semille
884 1829 1019 1900 aralium
1041 1865 1051 1920 3
1078 1854 1167 1927 parte
1178 1826 1223 1899 sui
1236 1831 1377 1900 extremi
1391 1843 1425 1907 δι
1441 1838 1550 1932 poste.

193 1931 282 2000 riore
295 1949 372 1998 cum
389 1921 513 1994 duobus
525 1920 654 1991 ramulis
665 1920 756 1994 oiseis
768 1931 815 2009 Ε,
835 1930 878 2011 F,
903 1924 1010 1996 mimis
1028 1925 1154 2014 craffis,
1169 1922 1271 2019 quim
1297 1923 1335 1995 lit
1359 1926 1432 2000 offis
1458 1930 1553 2028 ipsius

193 2048 313 2122 corpus
325 2021 476 2092 neditur.
500 2017 624 2113 Singuli
638 2024 717 2089 rami
731 2018 854 2090 duobus
867 2016 953 2116 quafi
975 2018 1036 2091 filis
1059 2018 1149 2095 osseis
1161 2018 1325 2115 inaequalis
1347 2019 1556 2124 longitudinis

191 2120 363 2205 constant,
378 2113 438 2201 hcc
457 2113 523 2184 uni
545 2120 730 2208 junguntur.

243 2216 395 2286 Anteriut
418 2210 550 2306 quidem
577 2203 668 2277 filum
696 2206 939 2306 uniuscujusque
977 2215 1058 2284 rami
1081 2207 1302 2310 sesquipollice
1329 2216 1559 2290 tantummodo

193 2311 334 2407 longum
352 2307 397 2378 est
418 2341 428 2397 3
454 2304 628 2401 posterius,
642 2311 675 2375 δι
697 2303 865 2403 Alphonso
880 2306 1009 2377 Borello
1025 2311 1160 2377 ornnino
1177 2314 1381 2406 incognitum
1399 2314 1439 2382 ad
1460 2318 1558 2409 quin-

193 2430 264 2506 que
285 2398 406 2477 autsex
420 2401 536 2496 digitos
556 2398 779 2495 protenditur,
798 2425 872 2471 cum
893 2407 982 2472 tenui
1007 2400 1189 2496 cartilagine
1213 2405 1247 2472 id
1271 2407 1415 2477 'undum
1434 2410 1501 2494 est,
1522 2413 1558 2482 in

192 2526 299 2600 quam
321 2495 432 2570 definit
453 2523 463 2567 t
480 2495 562 2565 adeo
579 2494 680 2565 uthic
692 2496 831 2567 ramulus
845 2493 909 2565 olle
923 2495 1068 2593 hyo'ide,
1085 2503 1120 2567 &
1137 2495 1244 2594 lingua
1260 2437 1351 2571 llmul
1369 2504 1485 2593 juniiis
1496 2507 1556 2573 tri-

222 2597 259 2667 lo
276 2591 314 2668 stt
325 2596 466 2691 longior.
502 2595 550 2661 Hi
571 2587 686 2661 ramuli
721 2596 753 2661 ui
764 2594 803 2661 ad
816 2615 853 2661 os
870 2589 1006 2687 hyo'idec
1020 2594 1310 2689 pertinent,instar
1331 2619 1421 2666 arcus
1438 2594 1481 2666 fic
1501 2601 1555 2667 in-

194 2623 391 2776 leuantur,
403 2711 439 2759 nt
456 2712 527 2785 pars
541 2686 644 2755 media
658 2617 733 2756 colli
747 2684 844 2758 latera
859 2709 1020 2784 occupet,
1037 2694 1072 2759 δι
1089 2709 1231 2759 extrema
1256 2713 1370 2760 eorum
1396 2697 1555 2761 anteriora

194 2783 260 2859 sub
280 2786 382 2856 rostro
392 2782 537 2853 infcriori
553 2779 656 2853 delata
669 2787 702 2852 in
715 2808 750 2854 or
763 2781 898 2879 hyo'ides
910 2779 1051 2854 delinant
1067 2817 1076 2872 3
1098 2804 1240 2854 extrema
1258 2808 1365 2856 autem
1381 2786 1556 2881 posteriora

195 2903 272 2980 qut
288 2876 447 2952 summam
463 2881 575 2975 capitis
595 2900 718 2977 partem
729 2880 920 2966 decurrunt,
931 2876 1057 2949 naresi
1074 2898 1163 2976 parte
1180 2881 1292 2950 dextra
1305 2875 1457 2969 subeant,
1476 2886 1556 2953 citra

195 2997 308 3050 umen
328 2974 426 3047 ullam
452 2999 527 3045 cum
550 2977 586 3042 iis
608 2972 892 3063 articulationem,
914 2975 1004 3071 quod
1032 2979 1144 3072 utique
1172 2974 1287 3072 lingua
1306 2977 1556 3078 produdiioncm

196 3096 267 3146 non
284 3094 399 3172 parum
414 3072 567 3158 adjuvat,
588 3075 635 3142 uti
648 3093 724 3139 mox
742 3072 876 3145 dicetur.
1259 3085 1262 3094 ·

243 3178 290 3244 v.
325 3170 380 3240 os
404 3165 565 3264 hyo't'des,
589 3174 623 3238 δι
650 3171 789 3236 anterius
809 3166 1009 3239 ramulorum
1027 3166 1227 3240 filamentum
1242 3168 1392 3264 vaginula
1416 3169 1560 3265 quadam

196 3267 407 3345 conduntur:
425 3285 500 3357 ,quae
521 3266 638 3359 vagina
656 3283 695 3359 ex
714 3261 769 3332 illa
788 3259 948 3350 formatur
973 3261 1181 3350 membrana,
1199 3288 1271 3360 quar
1295 3262 1559 3337 rolltiinfcriotit

223 3381 327 3434 artem
345 3362 529 3430 interiorem
554 3359 646 3428 vellit
670 3378 874 3444 ;ertremum
889 3359 990 3452 'hujus
1009 3362 1132 3454 vagina
1155 3383 1230 3429 cum
1252 3357 1377 3431 otilicio
1401 3360 1561 3430 corniculi

196 3387 362 3554 iquamost
374 3454 489 3550 linguae
506 3458 734 3551 conjungitur,
750 3474 852 3546 eaque
878 3456 1063 3550 producitur
1080 3478 1181 3539 ,cum
1198 3453 1307 3550 lingua
1319 3477 1406 3525 extra
1422 3452 1562 3544 rostrum

197 3551 391 3654 profertur,
411 3571 446 3618 ut
464 3547 666 3619 contrahitur
685 3546 794 3643 linguai
807 3550 891 3617 intra
912 3548 1048 3617 rostrum
1070 3548 1243 3618 redeunte:
1266 3542 1470 3642 squamosum
1483 3546 1562 3618 illud

198 3647 419 3733 corniculum,
434 3644 522 3737 quod
535 3641 701 3731 officulum
711 3640 1058 3738 linguaetegitJupetni
1070 3664 1249 3723 convexum
1265 3643 1322 3726 est,
1335 3640 1457 3712 inferne
1468 3665 1564 3726 comq
1662 3671 1666 3679 ·

198 3744 371 3844 planatum
390 3750 422 3813 δι
442 3744 526 3810 intus
550 3762 664 3810 cavum
686 3764 695 3809 :
715 3743 877 3833 utrimque
889 3759 1028 3808 armatur
1052 3734 1137 3806 sextu
1161 3735 1215 3806 lici
1238 3732 1365 3830 cuspide
1384 3733 1563 3812 admodum

199 3844 314 3926 tenui,
327 3836 476 3922 insimili,
496 3846 529 3909 δι
544 3827 1053 3932 diaphanatcxtremacuspidum
1076 3763 1241 3929 paululum
1260 3830 1467 3926 inllcdtuntur
1488 3855 1564 3902 ver-

198 3935 253 4008 iirs
273 3957 394 4031 guttur.
432 3933 532 4027 quue
553 3954 620 4000 non
640 3929 791 4002 abhorret
804 3941 824 3998 a
837 3926 997 3999 verifimili
1014 3928 1216 3998 corniculum
1237 3926 1286 3997 his
1304 3926 1433 4027 spiculis
1452 3933 1562 3999 muni.

199 4053 275 4105 tum
288 4028 390 4126 ipsum
413 4024 474 4099 else
494 4049 652 4121 organum
676 4049 744 4122 quo
760 4029 848 4123 picur
871 4025 1006 4121 praedam
1028 4021 1116 4094 suam
1138 4021 1223 4095 adse
1242 4028 1324 4122 rapit
1351 4080 1363 4111 ,
1394 4022 1458 4093 hoc
1486 4029 1561 4119 qui·¹

199 4127 279 4200 dem
297 4124 449 4207 facilius,
468 4121 558 4217 quod
577 4121 656 4193 illud
670 4144 828 4215 organum
843 4117 964 4189 viscosi
978 4121 1117 4215 quadam
1137 4123 1270 4192 materia
1285 4119 1472 4211 imbuatur,
1489 4141 1560 4213 quae

200 4230 240 4298 in
260 4243 438 4293 extremum
453 4219 544 4288 rostri
563 4215 723 4288 inferioris
735 4210 766 4284 se
786 4237 937 4285 exonerat
954 4239 1009 4311 per
1024 4216 1104 4287 duos
1118 4211 1248 4288 tubulos
1261 4218 1481 4298 excretorior,
1502 4217 1561 4310 qui

203 4321 223 4397 ὲ
250 4312 549 4478 duplicisprodeunt
570 4311 719 4411 glandula
745 4308 935 4409 pyramidali
952 4315 986 4382 in
1008 4331 1147 4409 utroque
1167 4312 1266 4385 latete
1298 4309 1443 4386 inieriori
1465 4305 1560 4403 hujus

248 4436 287 4485 rtr
374 4435 430 4483 rra.

201 4436 438 4606 μίὲἕῑίως
459 4504 523 4577 hoc
539 4526 679 4577 uteretur
701 4529 847 4601 organo,
863 4503 975 4575 multis
992 4508 1013 4575 al
1029 4525 1139 4575 natura
1160 4506 1204 4574 est
1220 4503 1388 4575 instructus
1399 4497 1561 4588 musculis,

202 4629 348 4705 quorum
368 4600 517 4672 nonnulli
531 4603 572 4672 ad
587 4598 728 4670 ramulos
753 4597 824 4672 ollis
849 4600 980 4698 hyo'idis
995 4596 1162 4697 spodiant3
1187 4606 1276 4696 iique
1303 4596 1447 4692 linguam
1474 4593 1561 4667 foras

200 4723 360 4789 exerunt,
373 4699 428 4772 alii
440 4697 480 4800 ad
494 4702 671 4797 vagitant,
693 4719 768 4794 ‘qua
780 4720 817 4768 os
831 4695 969 4795 hyo‘idec
984 4719 1059 4786 cum
1073 4691 1243 4769 filamentis
1242 4693 1457 4861 1pgmlplorum
1475 4695 1562 4785 into„

1339 4807 1398 4882 '111
