3646 5430
318 371 646 455 'ACADEMlAE
702 380 1037 465 aristonis.
1076 382 1198 467 Lini.
1377 398 1422 490 '43

63 480 99 555 sb
112 475 246 553 Abbate
259 472 394 549 Castelli
408 483 611 550 enuntiatum
628 537 639 566 ,
657 480 863 556 velocitatem
878 510 969 581 aqua
981 487 1096 558 eodem
1114 485 1241 559 intubo
1256 485 1308 559 vel
1325 514 1417 586 aquae
1434 485 1515 583 Hya*

63 581 153 651 irritu
167 603 205 647 ea
217 579 552 671 tationeaugeri,qua
564 584 631 665 ejus
645 574 858 659 altitudinem.
885 582 1031 655 Alterum
1047 580 1126 651 illud
1141 584 1185 655 est
1203 587 1417 658 dTorricello
1434 581 1557 681 drajiaa¹

61 671 260 775 propositum
280 695 405 767 aquam
429 667 655 743 dfundovasts
674 730 685 759 ,
705 677 799 745 auti
824 673 921 751 latere
944 675 1110 776 perforato
1121 679 1233 751 eadem
1248 679 1418 754 velocitate
1432 683 1509 758 tica.

60 778 138 842 etire
152 796 257 862 quam
277 763 514 859 acquisivisset,
536 760 559 833 li
578 791 615 836 ex
629 771 739 839 eadem
753 769 920 845 altitudine
933 797 1018 872 aqua
1031 768 1101 845 vase
1117 798 1271 850 contenta
1286 773 1421 850 cecidis-

60 862 108 942 set.
135 869 264 940 Utrum
283 861 352 932 baec
365 866 411 932 in
423 859 543 946 elren,
559 860 678 955 placuit
691 870 837 962 experiri.

103 971 165 1037 lll.
184 967 236 1033 Ac
252 964 393 1059 primum
409 957 542 1048 quidem
553 958 621 1028 duo
635 957 707 1029 vast
724 959 900 1058 cylindtica
912 959 1053 1054 ejusdem
1063 965 1256 1057 altitudinis,
1279 963 1330 1038 sed
1343 973 1423 1041 inae-

62 1061 161 1159 qualis
176 1058 356 1129 latitudinis
370 1057 404 1124 in
419 1053 522 1125 fundo
539 1051 611 1124 sunt
634 1053 795 1152 perforata
818 1082 827 1127 :
856 1055 911 1129 ubi
935 1056 1036 1130 ambo
1054 1086 1135 1156 aqua
1150 1061 1280 1137 fuerunt
1301 1065 1423 1160 imple-

60 1178 107 1242 ιι,
122 1158 246 1225 eadem
267 1177 353 1246 aque
392 1149 529 1220 uantitas
546 1149 662 1219 rodem
679 1172 824 1249 tempore
846 1176 885 1224 ex
900 1178 1040 1249 utroque
1055 1152 1129 1227 vase
1147 1155 1281 1235 ‹ffluxir.
1315 1164 1422 1230 Dein·

59 1253 95 1324 de
109 1248 256 1345 ejusdcm
274 1242 349 1317 vasis
365 1175 477 1315 lardo
497 1248 594 1316 variis
613 1249 647 1315 in
670 1245 749 1315 locis
765 1246 929 1342 perforato
952 1252 1087 1322 candem
1110 1277 1202 1349 aque
1224 1254 1346 1326 molem
1367 1247 1424 1323 iis.

58 1349 139 1418 dem
159 1340 352 1443 temporibus
371 1367 427 1437 per
438 1338 559 1438 singula
570 1338 730 1412 foramina
742 1346 826 1413 edire
838 1368 1043 1443 compertum
1057 1347 1113 1423 esl.
1153 1351 1320 1423 Postremi>
1343 1376 1420 1426 cum

57 1442 197 1516 altitudo
217 1437 292 1509 nafis
307 1437 473 1533 cylindrici
486 1442 521 1505 in
537 1465 573 1533 25
599 1460 704 1534 partes
722 1436 860 1534 aequales
873 1439 971 1513 divisa
985 1443 1062 1515 ellrt
1081 1498 1093 1528 ‚
1120 1470 1212 1541 aquae
1241 1441 1422 1544 superficies

59 1531 371 1633 aequtstempotibus
382 1556 464 1620 turta
479 1528 590 1602 seriem
602 1556 813 1603 numerorum
824 1539 998 1634 imparium
1015 1537 1076 1611 fuit
1093 1545 1281 1628 imminuta,
1305 1545 1420 1616 eadem

59 1629 181 1734 prorsus
195 1635 324 1702 ratione
336 1653 402 1724 qua
415 1633 557 1724 corporis
567 1623 687 1697 sursum
697 1629 831 1724 proje&i
847 1627 945 1722 spatia
954 1631 1081 1704 decursa
1093 1640 1291 1711 minuuntur.
1325 1641 1418 1714 Nam‘

60 1751 127 1799 toto
140 1729 301 1825 temporis
321 1720 424 1823 spatio
444 1727 477 1793 in
494 1727 641 1818 quinque
662 1746 766 1818 partes
781 1727 918 1820 arquslcs
932 1724 1034 1800 diviso
1050 1754 1140 1825 aquae
1167 1727 1341 1828 'uprtficies
1360 1758 1417 1832 per

56 1820 151 1921 spatia
166 1852 189 1914 9
203 1881 212 1900 ,
257 1879 268 1908 ,
286 1849 297 1907 5
311 1851 371 1908 ,3,
391 1849 415 1905 ι,
430 1814 610 1901 descendit,
635 1821 691 1913 qui
710 1825 835 1889 numeri
848 1826 984 1919 impares
1001 1827 1192 1917 quadrarum
1209 1822 1303 1920 ipsius
1330 1851 1418 1899 tem-

58 1925 137 2018 poris
152 1913 302 1990 efficiunt
322 1941 332 1987 t
351 1941 426 1986 nam
440 1946 453 1987 ι
458 1945 483 2011 5.
501 1937 572 2010 quar
588 1906 711 1982 summa
726 1914 770 1984 est
783 1936 993 1987 numerorum
1004 1921 1199 2018 imparium,
1224 1921 1417 2018 quadrarum

61 2016 97 2086 est
114 2016 275 2109 temporis
289 2018 324 2083 in
349 2042 363 2108 5
379 2034 481 2110 partes
495 2010 633 2105 aquales
644 2007 748 2082 divisi.

98 2117 157 2185 lv.
184 2115 229 2184 D.
252 2113 386 2207 lingens
399 2104 502 2178 multa
519 2104 650 2200 quidem
671 2109 755 2177 circa
777 2107 844 2182 haec
865 2113 1081 2207 experimenta
1094 2113 1319 2186 animadvertit
1342 2110 1414 2215 spe.

63 2205 217 2280 otlatione
229 2205 347 2303 digna,
364 2227 435 2300 quae
451 2197 636 2271 summatim
657 2201 913 2303 perstringemus.
935 2231 960 2278 1.
983 2207 1155 2279 Totricelli
1167 2206 1325 2280 theoriam
1338 2211 1416 2286 binc

63 2298 240 2374 confirmati
252 2295 341 2399 posse
358 2356 369 2385 ,
390 2322 461 2395 quae
478 2293 500 2366 st
515 2294 601 2368 fone·
615 2319 691 2367 cum
711 2305 903 2397 experientia
915 2297 1024 2370 mintls
1036 2304 1198 2374 interdum
1215 2312 1414 2399 conveniat,

12 2459 15 2463 .
64 2397 119 2469 ltoc
131 2402 248 2492 utique
266 2402 412 2467 exsertis
429 2390 670 2464 circumslantiis
689 2397 812 2480 oritur,
826 2421 897 2490 quac
922 2395 981 2464 rite
1001 2420 1039 2465 cr
1082 2393 1141 2466 nste
1158 2402 1192 2467 in
1208 2393 1314 2472 causas
1332 2403 1415 2498 ipsas

62 2491 150 2582 buius
164 2489 359 2562 discriminis
379 2514 439 2560 nos
449 2491 580 2560 ducunt.
608 2490 653 2558 Ex
665 2492 773 2583 ptimo
785 2495 1004 2587 experimento
1017 2490 1039 2558 il
1053 2491 1096 2560 ud
1109 2489 1271 2589 colligitur
1292 2548 1303 2579 ,
1332 2497 1414 2570 vafis

61 2589 267 2660 latitudinem
280 2583 358 2655 nzbil
370 2585 409 2656 ad
429 2581 616 2681 pttffionrm
640 2606 729 2676 ..quae
747 2588 780 2652 in
802 2582 938 2655 fundum
957 2581 1035 2654 vasis
1062 2583 1234 2673 conferte,
1262 2583 1313 2656 sed
1343 2596 1412 2663 vim

60 2683 146 2755 illius
160 2706 293 2751 omnem
304 2681 344 2751 ad
355 2705 444 2776 aquae
462 2681 663 2753 altitudinem
684 2674 794 2751 referri
817 2701 969 2782 oportere
975 2736 987 2770 ,
1009 2704 1075 2777 qua
1088 2685 1260 2754 imminuta
1277 2680 1414 2762 tllluxus

60 2802 195 2878 quoque
205 2777 313 2847 eadem
325 2783 449 2848 ratione
462 2781 638 2850 munuitur.

96 2880 137 2946 V.
164 2877 210 2944 Ex
224 2869 361 2945 secundo
370 2875 592 2970 experimento
603 2872 641 2942 id'
647 2867 843 2967 consequens
854 2870 915 2946 else
925 2877 1015 2962 dixit,
1029 2872 1167 2948 fundum
1179 2872 1413 2977 vafisoequabi.

58 2972 120 3044 liter
133 2967 257 3064 ubique
291 2975 383 3043 remi.
416 2970 507 3041 Cum
519 2973 606 3038 enim
626 2988 733 3038 totum
752 2992 843 3065 aquae
862 2972 985 3066 pondus
998 2968 1133 3041 fundum
1149 2995 1274 3068 premar
1296 3030 1307 3061 ,
1336 3004 1413 3075 par.

57 3089 253 3162 unaquaeque
265 2995 356 3135 luridi
367 3065 569 3137 tantumdem
585 3066 738 3160 premitur
752 3119 763 3148 ,
775 3062 937 3159 quantrlm
950 3070 972 3137 a
984 3063 1133 3164 cylindro
1145 3091 1256 3164 aquae,
1271 3079 1359 3163 cujus
1371 3098 1417 3152 en-

58 3189 139 3262 ραις,
158 3159 252 3231 fundi
264 3160 306 3231 ell
317 3158 397 3231 basis
412 3195 421 3247 3
436 3157 573 3230 altitudo
588 3160 699 3230 itidem
710 3160 754 3230 est
764 3162 997 3257 aqualisaquae
1008 3159 1179 3236 altitudini.
1212 3165 1295 3236 Non
1319 3173 1411 3263 quod

56 3283 119 3355 pars
132 3256 189 3328 illa
200 3253 294 3327 fundi
305 3254 347 3326 ab
364 3282 406 3326 eo
423 3253 652 3328 tantummodo
671 3251 817 3350 cylindro
833 3280 1015 3352 prematur:
1038 3281 1106 3327 non
1122 3263 1210 3332 enirn
1225 3285 1311 3356 aqua
1322 3264 1412 3339 ‘illius

58 3353 186 3450 cylindri
216 3349 373 3423 effluxum
399 3373 513 3449 aperto
543 3349 702 3421 foramine
729 3346 949 3447 subsequitur,
970 3357 1053 3425 adeo
1076 3376 1111 3427 ut
1131 3353 1292 3450 reliquum
1315 3382 1409 3453 aqua

54 3448 116 3521 vase
139 3469 303 3518 contentas
318 3469 445 3521 maneat
463 3442 644 3516 immobile.
678 3448 768 3518 Nam
779 3469 817 3515 ex
832 3453 924 3520 omni
945 3451 1179 3546 partesquaad
1198 3454 1338 3536 exitum,
1355 3452 1409 3529 seu

55 3549 86 3616 ad
101 3547 252 3617 foramen
273 3567 292 3612 a
335 3566 421 3612 trum
438 3539 591 3626 confluit,
608 3563 706 3634 atque
727 3541 808 3608 adeo
828 3566 913 3636 aqua
932 3547 1037 3611 omnis
1049 3540 1119 3610 vase
1137 3541 1285 3613 conclusa
1298 3547 1342 3619 ad
1351 3572 1410 3621 cu·

58 3639 159 3738 iusque
170 3643 270 3736 partis
287 3570 379 3709 godi
395 3634 583 3735 pteffionem
598 3633 771 3731 conspirat.
817 3636 879 3704 Sed
898 3661 941 3706 ιω
954 3642 1036 3705 vires
1052 3639 1095 3704 ita
1107 3633 1178 3706 sunt
1196 3636 1265 3705 aliae
1279 3636 1320 3707 ab
1339 3641 1410 3716 aliis

59 3735 218 3806 libratae&
234 3733 427 3812 rillrrbutae.
444 3758 479 3804 ut
503 3755 617 3802 omnes
646 3750 812 3825 exaqucnt
829 3732 953 3827 pondus
977 3729 1112 3828 cylindri
1135 3756 1226 3826 aquae
1249 3730 1324 3804 huic
1352 3736 1409 3808 fo-

56 3836 168 3902 ramini
186 3826 386 3926 superpositi.
412 3828 479 3902 Ubi
492 3833 580 3899 enim
594 3850 680 3925 patet
698 3831 799 3896 exitus
818 3831 851 3897 in
872 3832 940 3898 imo
957 3823 1060 3915 vafis,
1082 3849 1185 3926 partes
1203 3825 1278 3898 huic
1297 3841 1410 3927 proxi·

53 3922 366 4011 maeeoconlluunr‚
379 3950 449 4022 quae
471 3926 580 3997 locum
594 3948 685 4018 aquae
705 3919 859 3994 elabentis
884 3923 1027 4019 repleant
1049 3949 1059 3994 :
1085 3925 1166 3994 adeo
1185 3946 1220 3993 ut
1243 3933 1345 4019 major
1369 3929 1409 4005 stt

51 4047 169 4092 earum
184 4017 261 4090 nisus
279 4042 335 4089 ant
352 4029 459 4092 minor
473 4080 484 4109 ,
500 4042 534 4090 ut
562 4044 606 4090 tae
625 4023 726 4118 magis
748 4023 923 4091 autminus
946 4042 1145 4118 premuntur.
1177 4022 1276 4092 Unde
1301 4050 1409 4120 partes

52 4117 212 4188 foramini
233 4119 392 4213 propiores
418 4118 515 4188 lineas
531 4139 644 4184 curvas
663 4140 701 4184 ac
725 4137 804 4208 pene
829 4116 997 4186 circulares
1025 4111 1237 4203 describunt,
1268 4125 1301 4188 δι
1318 4127 1407 4209 juxta

55 4237 181 4285 motum
193 4234 303 4304 aqua,
317 4214 383 4305 qud
403 4236 489 4310 patet
500 4213 601 4284 aditus
616 4267 627 4299 ‚
641 4210 728 4281 suam
747 4205 892 4281 efficiunt
911 4207 1175 4306 imprcsfionem,
1197 4238 1272 4282 cum
1289 4212 1407 4308 pressio

54 4332 116 4378 non
134 4307 224 4378 aliud
253 4308 404 4404 quiddam
427 4309 465 4381 fit
477 4308 581 4407 quam
605 4329 738 4379 conatus
758 4311 903 4402 corporis
920 4327 957 4380 ut
972 4311 1007 4377 in
1021 4304 1149 4377 alterius
1163 4307 1274 4378 locum
1294 4304 1408 4388 succe!

53 4406 113 4478 dan
1405 4458 1406 4462 ι

102 4507 161 4574 vl.
190 4505 273 4599 Qo
284 4524 395 4573 autem
408 4502 572 4600 posteriori
587 4503 795 4601 experimenti
810 4505 893 4572 ratio
905 4496 1012 4573 afferri
1024 4495 1118 4599 pollit
1130 4557 1140 4586 ,
1152 4499 1232 4572 illud
1249 4524 1322 4572 ante
1332 4527 1407 4573 otn-

52 4603 97 4670 tsia
108 4598 202 4668 instat
217 4601 368 4696 ptincipii
383 4598 569 4695 ponendum
580 4599 623 4668 tll
637 4656 648 4687 ,
662 4597 751 4694 quod
776 4601 968 4690 experientia
990 4600 1091 4693 magis
1119 4599 1223 4693 quam
1255 4589 1404 4670 demons-

54 4701 184 4768 tratione
205 4696 329 4765 conllat
351 4718 496 4790 ,aquam
517 4720 572 4790 per
591 4718 737 4791 apertum
759 4689 836 4762 vasis
851 4690 997 4764 foramen
1014 4715 1238 4790 erumpentem
1250 4715 1291 4760 eo
1308 4687 1403 4766 veln-

54 4795 139 4867 o'tate
152 4788 234 4868 frtri
256 4815 329 4891 quae
351 4815 409 4894 pat
433 4785 472 4865 stt
491 4788 568 4864 huic
590 4787 772 4866 attollenda
794 4788 835 4864 ad
858 4790 993 4865 tandem
1016 4784 1105 4863 ralis·
1118 4784 1338 4983 altytudiiipetn.
1356 4787 1403 4864 lia
