3646 5430
286 341 1186 426 neruuurrrrrrrsronrn.rtar.
1287 333 1290 337 ’
1370 352 1420 449 '4⁷

54 447 252 523 timentum:
269 470 326 515 vas
338 442 553 543 cylindricum
565 467 650 538 aqua
668 443 826 542 repletum
843 441 910 531 est,
934 466 1005 516 mm
1026 469 1089 544 ope
1112 441 1240 544 penduli
1257 467 1415 545 quantum
1433 447 1510 542 Hy·

53 546 204 643 temporis
221 541 426 643 impenderet
441 537 578 703 equuus
605 563 661 706 pet
674 561 822 704 aperpum
844 544 878 611 in
894 537 959 614 basi
977 539 1154 628 foramen,
1176 539 1239 614 fuit
1263 540 1413 617 observa.
1432 540 1548 656 drostae:

49 642 872 828 daieiimfflssriisstqd'{20:3¹3
889 637 1001 807 iliis,
1027 635 1415 824 :diuisurum
1430 655 1508 715 Μ’·
1552 775 1555 780 .

48 829 105 904 sem
182 830 321 928 plenum
334 829 390 901 est.
415 828 478 899 Sed
499 830 656 898 continuo
670 821 876 903 decrescentia
893 855 1001 903 moma
1014 833 1128 927 prioris
1146 831 1191 901 est
1212 852 1414 905 eanmmmo·

49 857 290 1025 indigemini.
327 922 617 1092 Oppmadmodum
630 921 826 1021 triangulum
847 930 882 998 in
900 927 1013 998 eadem
1026 922 1164 1013 bafi,&
1178 930 1210 996 in
1227 929 1341 1000 eadem
1364 928 1415 1000 al-

51 1029 185 1099 titudine
202 1047 284 1092 cum
298 1046 371 1120 para
395 1019 600 1118 elogrammo
615 1017 660 1089 est
680 1044 752 1117 pars
777 1017 871 1114 hujus
887 1044 1013 1096 tanturn
1031 1022 1175 1096 dimidia.
1206 1025 1294 1095 Cum
1317 1029 1415 1122 igimr

53 1129 143 1194 unius
167 1115 325 1188 uelocitas
343 1115 473 1188 alterius
496 1111 534 1185 fit
556 1112 801 1207 duplaqeodem
823 1139 971 1220 tempore
989 1118 1124 1219 duplum
1138 1141 1229 1218 aqua
1249 1119 1414 1221 peridem

53 1215 212 1291 foramen
224 1211 296 1285 aaut
309 1207 436 1310 semper
450 1210 537 1308 pleni
548 1214 634 1280 exire
644 1207 764 1281 neceffe
777 1213 834 1289 est.

102 1320 174 1387 xl.
198 1308 339 1382 rlltemm
351 1329 487 1405 quoque
499 1308 754 1404 experimentum
766 1304 891 1382 farrum
905 1309 949 1381 est
963 1315 1049 1384 eirca
1062 1310 1228 1386 dreotema
1244 1317 1268 1388 a
1288 1313 1415 1388 Castel-

53 1408 93 1483 lo
109 1401 329 1508 propodmm,
350 1405 440 1500 quod
454 1404 609 1474 nimirum
625 1400 777 1473 velocitas
793 1429 885 1503 aque
909 1431 966 1504 per
989 1407 1179 1482 inclinatum
1202 1411 1333 1508 planum
1354 1410 1417 1481 dea

56 1495 433 1597 labmtiaaltitudiniipfi
453 1492 667 1596 respondeat:
689 1502 734 1567 ita
752 1520 788 1569 ιιι
811 1504 846 1571 in
868 1505 980 1575 eadem
1005 1503 1122 1576 canalia
1138 1502 1324 1594 latitudine,
1337 1529 1414 1579 uum

58 1601 190 1673 altitudo
200 1621 297 1692 aquae
314 1594 412 1695 dupla
428 1595 497 1684 est,
514 1612 586 1687 turn
602 1592 780 1693 quadruplo
792 1593 933 1696 litaque
955 1597 1144 1699 profluentis
1252 1607 1350 1691 titaa,
1378 1609 1415 1676 in

62 1702 178 1768 rarione
192 1689 319 1764 scilicet
338 1691 511 1789 duplicata.
539 1687 577 1757 ld
596 1682 739 1787 primdm
763 1690 979 1767 demonstrare
1001 1716 1135 1768 conatur
1206 1693 1283 1777 ,sed
1297 1704 1332 1771 in
1354 1726 1415 1801 pa.

62 1789 268 1891 talogismum
280 1782 444 1860 ineurrilie
460 1782 568 1887 ponta
580 1780 645 1882 ipse
652 1784 889 1865 animadvertit.
912 1795 1023 1885 Quare
1035 1793 1076 1861 ad
1087 1797 1317 1889 experientiam
1357 1821 1417 1868 ro-

59 1893 200 1960 voeavit.
223 1881 338 1957 Tubus
351 1906 510 1980 quantum
529 1875 598 1949 fieri
667 1884 750 1966 tuit,
775 1891 804 1956 el
816 1885 926 1958 similis
941 1910 1040 1982 quem
1063 1909 1137 1984 pag.
1164 1914 1214 1984 95.
1235 1823 1384 1960 descrissit
1403 1943 1416 1976 ,

62 2008 184 2083 paratus
203 1981 260 2053 est.
284 1982 346 2050 Sed
358 1979 559 2078 experientiae
575 1979 607 2064 ip
621 2001 631 2043 ι
654 2000 730 2046 cum
742 1985 909 2055 enuntiato
925 1986 1031 2053 minus
1045 1987 1220 2055 convenire
1230 1981 1333 2055 visum
1346 1986 1417 2056 esta

65 2101 132 2149 nam
136 2077 205 2248 1phi
218 2074 435 2176 quadruplum
455 2095 548 2175 aqua
565 2068 712 2164 effluxu,
727 2073 864 2150 altitudo
877 2075 1011 2179 quoque
1021 2097 1105 2180 pene
1115 2078 1293 2180 quadrupla
1306 2104 1417 2181 reper-
1432 2161 1437 2172 ι

67 2195 134 2247 rat
163 2232 172 2251 .

530 2474 809 2562 CAPUT
891 2480 947 2566 V.

407 2670 510 2762 Idem
540 2681 795 2782 Argumentum
815 2667 1056 2754 continuam.

71 2855 95 2927 1.
115 2847 203 3024 Α
222 2852 305 2924 Liud
328 2855 584 2950 experimentum
607 2845 718 2921 iisdem
738 2873 820 2950 pene
839 2851 951 2925 diebus
973 2849 1098 2924 fatuum
1119 2848 1164 2923 ell
1195 2849 1230 2922 irr
1260 2844 1417 2938 follium,

222 2953 329 3042 quiex
342 2972 435 3042 aqua
449 2941 538 3046 lapsu
554 2945 693 3017 multum
705 2951 793 3018 venti
805 2953 969 3024 emittunt.
1002 2946 1084 3018 lllud
1098 2945 1119 3018 d
1135 2948 1182 3021 D.
1199 2945 1239 3016 de
1251 2943 1420 3019 Robetval

71 3041 252 3119 fireratarrte
266 3040 498 3143 proposrmm,
524 3051 559 3116 ἃ
588 3045 634 3116 D.
660 3042 803 3140 Couplet
834 3041 965 3117 follium
998 3044 1212 3142 parandorum
1246 3067 1322 3114 eura
1351 3063 1421 3116 erat

69 3143 262 3217 denuntiata.
300 3137 416 3212 Tubus
438 3137 523 3212 hane
544 3140 579 3210 in
598 3163 668 3210 tem
690 3163 729 3209 ex
749 3135 837 3212 ferro
854 3138 932 3212 albo
949 3146 983 3212 in
1000 3163 1110 3214 renuet
1133 3136 1267 3211 laminas
1285 3138 1421 3212 didustu

70 3240 279 3335 pammatii,
304 3246 395 3329 cujus
413 3237 568 3308 diameter
582 3258 651 3306 erar
667 3260 702 3324 7.
717 3231 784 3306 fere
804 3236 983 3336 pollicum,
997 3236 1134 3310 altitudo
1155 3236 1186 3307 se
1224 3258 1276 3309 em
1302 3236 1443 3334 pedum„

70 3356 116 3404 aut
130 3340 260 3406 circiter
273 3357 351 3404 cum
360 3331 480 3432 duplici
488 3329 751 3430 diaphragmare,
769 3356 838 3405 uno
850 3337 885 3404 in
898 3330 932 3405 su
956 3355 1041 3406 rema
1054 3356 1136 3430 pene
1148 3356 1184 3405 tu
1208 3337 1343 3431 iparte,
1370 3329 1422 3401 al-

70 3449 132 3501 tero
145 3436 178 3502 in
191 3452 283 3530 parte
294 3427 448 3501 inferiore
461 3451 594 3529 aptato,
607 3450 747 3525 utroque
759 3433 792 3499 in
807 3427 854 3503 sui
872 3361 979 3502 medio
999 3425 1137 3530 pertuso.

111 3526 265 3626 Amplius
281 3549 418 3622 quoque
431 3523 485 3596 ille
505 3520 600 3595 tubus
617 3523 714 3618 paulo
725 3519 816 3621 supra
832 3523 963 3595 inferius
975 3524 1121 3622 septum,
1137 3544 1194 3595 aut
1213 3523 1265 3593 dia
1287 3519 1424 3618 htagura

69 3619 189 3718 aliquot
204 3627 237 3691 in
251 3621 333 3692 locis
346 3617 390 3690 src
404 3644 470 3695 erat
483 3617 684 3719 perforatus,
696 3627 730 3689 δι
745 3618 849 3692 tubuli
864 3621 903 3689 iis
917 3615 1128 3689 foraminibus
1149 3615 1193 3687 lic
1206 3549 1424 3716 agglutina&

72 3735 105 3786 ue
117 3718 243 3788 occludi
267 3725 302 3789 δι
324 3712 453 3788 restrari
473 3712 561 3811 quali
583 3714 722 3784 totidem
738 3715 913 3815 Epillomia
925 3770 936 3802 ,
950 3712 1051 3828 vulgo
1065 3709 1118 3780 dar
1133 3709 1304 3792 Rabinets,
1327 3709 1425 3787 facili

96 3811 190 3882 oll'errt
201 3869 213 3898 ,
224 3816 292 3883 aeti
310 3836 428 3910 nempe
440 3815 479 3883 ad
491 3808 660 3882 arbitrium
674 3812 865 3899 retinendo,
883 3833 939 3881 aut
956 3808 1162 3903 emrrtendo„
1185 3810 1282 3908 Aqui
1303 3833 1359 3908 per
1372 3814 1427 3882 in.

70 3836 272 3979 grndibulum
298 3906 500 4006 oblongioria
523 3905 600 3976 colli
618 3915 650 3975 δι
671 3930 747 3977 cum
759 3932 876 4005 operto
888 3904 1316 4009 superiorisdiaphragrrutis
1335 3904 1428 3978 fora·

71 4007 163 4076 mine
177 4005 261 4076 atde
282 4005 494 4101 conjunclum
517 3998 622 4075 affusa
637 4007 694 4073 a'e'r
710 4027 763 4074 ma
786 4028 831 4075 no
857 4010 982 4103 impetu
999 4029 1056 4103 per
1075 4027 1178 4074 unum
1192 4027 1230 4075 ex
1248 4004 1427 4103 epistorniir

69 4105 409 4268 wilde?
422 4097 750 4269 i‘afflssiliiffil,
769 4104 894 4264 par,
916 4101 1072 4199 imm
1094 4094 1197 4177 Μ
1216 4101 1262 4182 ‘st
1282 4125 1366 4200 “¹¹¹⁸
1387 4121 1429 4171 ‘¹

83 4334 88 4340 ·
123 4285 380 4383 Huiuseffedius
391 4222 475 4365 pscatia
493 4287 696 4392 probabilem
716 4222 842 4361 cairsam
860 4286 968 4361 attulit
987 4292 1034 4361 D.
1056 4289 1095 4362 de
1124 4291 1312 4380 Roberval,
1337 4288 1430 4388 quod

10 4414 15 4475 ,ι
72 4413 151 4486 aqua
171 4383 265 4486 lapsu
279 4383 340 4466 suo
358 4388 500 4462 multum
519 4391 600 4460 aeris
622 4381 733 4461 seeum
751 4383 888 4484 abripiat
913 4413 922 4460 a
950 4411 988 4457 ot
1015 4386 1148 4484 quidem
1171 4391 1212 4463 ad
1236 4394 1337 4461 imam
1358 4387 1432 4462 tubi

10 4478 13 4578 l
120 4495 122 4499 ’
155 4510 349 4583 mprzeepa
360 4490 448 4574 ruit,
471 4482 524 4561 sed
543 4488 600 4560 a'e'r
623 4505 688 4584 pen
709 4480 763 4555 sua
781 4481 913 4557 levitate
928 4479 1052 4556 [rusum
1073 4486 1260 4573 dueatur,
1289 4491 1347 4583 qui
1373 4497 1431 4580 per

10 4638 12 4642 .
72 4509 205 4653 ἥκῃ
233 4579 421 4654 infundibili
444 4607 586 4655 remeare
606 4584 733 4677 nequir.
771 4581 869 4653 Unde
887 4605 942 4680 pet
961 4605 1108 4680 apertum
1130 4583 1278 4656 foramen
1300 4582 1444 4670 maiori}

10 4670 12 4753 Ϊ
74 4675 139 4750 rubi
164 4702 244 4749 cum
266 4683 272 4695 '
416 4683 569 4778 emmpit.
605 4683 808 4779 Qomtem
828 4703 916 4776 aqua
934 4702 973 4749 ex
988 4679 1097 4752 altiori
1112 4679 1190 4752 loco
1204 4686 1240 4750 irr
1254 4673 1357 4775 ipsum
1378 4679 1433 4746 in·

77 4769 283 4876 lindibuium
299 4701 518 4879 mihim
539 4777 774 4871 minaria&
792 4773 940 4877 pdl'rur.
964 4777 1088 4883 ,Διφι
1102 4778 1283 4857 aarum
1304 4780 1348 4857 da
1366 4768 1439 4880 &2⁴
