3646 5430
319 376 645 462 'ACADEMIAE
681 386 985 465 HISTORIA.
1024 391 1140 469 [inl.
1365 424 1407 493 43

51 484 232 563 iillmdlarii
245 503 323 554 euin
338 480 468 578 capsula
479 510 517 555 ex
533 481 638 558 crallls
661 484 809 558 all'eribus
830 495 864 559 dc
890 493 962 584 pice
982 491 1044 561 ried
1069 489 1234 580 obduua,
1262 514 1303 565 iie
1323 519 1409 593 aqua
1426 494 1544 587 Astra.

49 583 173 670 subiret,
189 576 336 677 aptabat.
361 585 469 674 Hujus
484 580 641 652 maehina
652 581 824 655 artificium
838 586 992 656 minutius
1004 583 1180 665 describere
1191 588 1272 660 nihil
1288 590 1409 665 neccsse
1423 593 1546 662 nimico

48 674 340 848 ‘stbfflulsuffim
450 674 523 749 usus
538 702 610 750 eain
622 676 766 752 futuram
776 674 838 752 else
855 703 894 754 ex
904 683 944 751 iis
959 703 1031 778 quc
1044 679 1138 754 fadar
1155 680 1229 755 sunt
1246 682 1409 782 objeslio-

48 782 75 849 ui
150 798 195 844 co
223 777 230 788 '
255 775 267 841 i
371 794 394 846 t.

83 881 145 945 iv.
173 796 426 943 Pribuldenim
446 867 595 942 Malaciac
609 893 756 972 tempore
776 868 896 943 inutilis
909 875 970 944 erit
982 897 1019 945 ea
1033 873 1182 946 machina
1197 877 1231 946 iii
1250 873 1413 974 profluen-

49 967 128 1043 tibus
150 993 188 1039 ν.
204 969 375 1037 Cortum:
398 988 469 1036 tum
485 971 575 1037 enim
599 968 642 1040 ab
660 990 746 1065 aqua
770 967 892 1038 nullam
921 993 1030 1041 motus
1055 968 1296 1069 impressionem
1326 977 1413 1044 erci-

48 1061 554 1258 suffusis*
570 1063 1416 1261 3333?rili.¹3”i;‘⁰,..³‘.‡r.‘⁰⁰i‘³‡{.l'{l:3

48 1255 316 1348 dantisrisaqin
329 1237 474 1326 motioni
483 1252 682 1350 equabitur,
705 1253 798 1327 stabit
823 1260 857 1327 iri
881 1255 996 1326 eodem
1016 1256 1093 1328 loeo
1106 1218 1196 1331 iirlvis
1217 1315 1229 1348 ,
1249 1283 1310 1331 uec
1335 1282 1414 1356 pio·

52 1374 173 1439 mota,
183 1371 241 1420 nec
259 1342 471 1447 retrogredi:
486 1352 607 1421 interea
621 1372 731 1423 tamen
745 1351 885 1424 multum
901 1355 1023 1422 itineris
1043 1351 1188 1425 confesti
1202 1352 1419 1428 machinam«

57 1445 181 1520 dicab'r.
211 1471 243 1533 ς.
263 1443 337 1517 Ubi
350 1449 441 1516 navis
452 1453 490 1518 dc
504 1452 660 1518 currentis
672 1466 779 1517 motus
795 1446 952 1542 aequales,
965 1454 1000 1520 dt
1019 1453 1054 1519 iri
1066 1448 1200 1521 eandem
1216 1471 1340 1549 partein
1362 1445 1419 1518 su-

60 1547 120 1615 turi
134 1540 208 1614 sint
228 1596 240 1627 ,
261 1561 339 1612 rum
352 1545 443 1612 naris
464 1539 567 1638 duplo
590 1538 725 1614 celcriils
770 1563 900 1613 romota
918 1541 1036 1630 fine,
1060 1543 1165 1639 quam
1184 1544 1340 1617 machina
1358 1544 1421 1617 de·

61 1638 247 1712 iunullrciit.
268 1635 461 1709 Urinrerbo
477 1642 604 1732 quoties
614 1642 705 1707 navis
720 1568 868 1709 adversus
882 1660 1043 1711 ciureiites
1085 1641 1309 1737 ingredietur,
1333 1638 1421 1714 serii·

57 1759 105 1832 per
118 1731 283 1805 ruadiiiz
307 1732 377 1830 plus
395 1736 518 1803 itineris
544 1731 709 1819 consedli,
730 1731 833 1830 quim
845 1757 956 1805 revera
969 1663 1136 1806 decurluiri
1157 1733 1280 1823 scierit,
1310 1745 1344 1813 &
1367 1742 1422 1808 vi-

57 1824 280 1902 cilimmiinls
291 1825 478 1900 indicabunt
498 1827 602 1922 quim
624 1853 681 1926 par
698 1826 735 1900 sir
756 1883 768 1913 ,
788 1826 844 1899 ubi
866 1832 957 1899 navis
979 1824 1153 1900 secundum
1174 1837 1328 1904 currentis
1344 1857 1433 1905 mo-.

55 1948 122 1997 tum
137 1923 274 1996 feretur.
302 1924 470 1996 Postrcrnb
479 1921 559 1994 cdiii
568 1922 647 1995 actis
661 1927 795 1995 nautica
808 1919 935 1995 diverfis
951 1929 985 1995 iii
1000 1920 1083 1993 locis
1098 1929 1185 1994 varia
1194 1923 1235 1995 sit
1246 1929 1334 2012 ,imo
1345 1952 1423 1997 cum

56 2021 172 2092 eodem
188 2024 225 2091 in
241 2019 318 2090 loco
333 2045 401 2091 non
415 2019 561 2090 constans
580 2017 617 2091 fit
630 2023 789 2118 magnetis
807 2018 1003 2106 declinatio,
1028 2016 1097 2088 lizc
1119 2021 1317 2092 invenienda
1346 2021 1424 2093 lon·

57 2118 310 2214 gitudinisrratio
326 2141 397 2186 riou
410 2111 520 2186 iiiiiiils
544 2119 665 2187 incerta
682 2115 727 2186 est
743 2172 754 2204 ,
777 2116 881 2212 quam
907 2113 1037 2212 reliquae
1065 2136 1178 2185 omnes
1194 2141 1265 2214 qua
1280 2119 1424 2190 tersorio

58 2212 96 2281 ad
114 2210 204 2281 lianc
217 2234 288 2282 reni
301 2234 445 2285 utuntur.
461 2209 688 2308 Qamobrem
707 2237 740 2283 re
757 2214 923 2308 utrimque
935 2206 1077 2281 miiltrlni
1095 2214 1215 2306 agitata
1234 2209 1424 2286 conclusum

60 2307 189 2378 eundern
215 2304 280 2379 suir
300 2303 480 2402 hujusmodi
496 2305 679 2380 machinam
702 2309 924 2408 peringeniosd
945 2305 1077 2403 quidem
1098 2304 1161 2378 eise
1182 2314 1424 2407 excogitatam,

60 2399 109 2473 sed
126 2427 167 2472 cx
186 2429 227 2474 ea
246 2401 303 2474 lori
329 2404 486 2475 'tudinum
499 2400 664 2474 scientiam
679 2403 790 2473 iuberi
808 2401 1005 2472 nullomodo
1028 2397 1114 2498 polle
1140 2427 1150 2472 z
1182 2402 1306 2474 tametfi
1329 2403 1423 2487 buius

61 2496 222 2569 marliitiae
237 2429 383 2580 Angor,
398 2499 481 2596 quod
538 2496 708 2584 omiserat,
722 2498 761 2567 ad
777 2501 898 2567 exitum
911 2493 999 2565 illam
1021 2518 1089 2563 nou
1112 2496 1294 2604 perduxerit
1314 2553 1325 2582 ,
1345 2523 1423 2568 erim

63 2615 175 2673 rameii
186 2597 264 2664 Rex
275 2523 576 2666 mnffioenriffilrlus
589 2590 661 2665 saris
671 2592 779 2694 impla
795 2590 941 2664 mercede
953 2610 1134 2661 muneravit
1146 2643 1157 2676 ,
1173 2590 1262 2686 quod
1273 2593 1425 2689 ingenio.

67 2685 140 2758 sum
158 2689 237 2760 esset
252 2692 425 2764 inventum.

115 2792 157 2857 V.
183 2787 356 2874 inoerjeuo
380 2786 494 2886 aliquo
513 2810 660 2887 tempore
683 2781 823 2883 Epistola
844 2783 991 2882 quaedani
1015 2782 1036 2853 i
1058 2775 1227 2947 Religioso
1242 2785 1315 2853 viro
1334 2781 1425 2855 milla

62 2880 162 2952 estad
181 2887 228 2954 D.
252 2881 419 2971 Fiolbert,
444 2908 510 2981 qua
531 2883 587 2953 illc
612 2883 812 2955 dneuumi
834 2878 865 2951 se
882 2882 1096 2951 meridianum
1165 2900 1221 2947 um
1239 2886 1273 2950 dt
1303 2884 1428 2977 prima.

63 2980 147 3047 rium
158 2975 365 3066 declarabat,
383 2988 473 3075 cujus
493 2974 649 3050 beneficio
672 2976 886 3076 longitudines
902 2974 1052 3048 locorum
1065 2977 1154 3047 certd
1175 2973 1320 3072 dignosci
1331 2974 1427 3049 facile

108 3071 195 3146 ffiiir.
254 3075 308 3168 uid
321 3079 512 3147 eonomine
529 3072 582 3144 lixi
598 3074 765 3146 meridiani
778 3075 903 3144 Aridior
922 3068 1139 3168 intelligeret,
1162 3092 1237 3138 cum
1261 3095 1329 3141 troii
1354 3069 1428 3144 satis

62 3097 203 3265 bliueret
219 3227 230 3256 ,
249 3166 435 3266 responsum
454 3170 503 3241 illi
527 3170 589 3242 suit
616 3194 653 3241 ut
671 3193 824 3241 arcanum
848 3163 940 3239 flium
959 3189 1035 3237 cuni
1053 3169 1130 3237 viris
1152 3166 1352 3238 Academicis
1369 3173 1427 3266 qui

64 3285 135 3333 curii
155 3266 299 3337 Cadoim
310 3265 590 3373 aggregabantur,
605 3272 882 3353 communicaret,
899 3286 955 3337 aut
974 3262 1039 3360 ipsc
1051 3284 1195 3333 mentem
1207 3255 1295 3330 suam
1310 3257 1429 3359 scripto

67 3362 339 3547 §.simiis
353 3354 1430 3548 l.2.¹.3.¹5¹iil¹3‘.2³.¹⁷2?¹¹13.ll52’s.q¹.¹‘.'.l.zl.²?¹¹l.s:¹l¹¹i{lllissl

66 3551 157 3623 Cum
172 3578 331 3624 areanum
342 3553 531 3654 Alirologiae
544 3552 704 3654 figmentis
720 3558 856 3623 omnino
867 3550 1034 3622 subnixum
1046 3545 1145 3634 ellet',
1162 3546 1316 3640 rejedium
1326 3548 1358 3616 id
1368 3547 1430 3619 fuit

72 3669 105 3717 ur
116 3649 232 3720 inutile
247 3657 281 3721 dr
299 3656 573 3725 commentitium.

117 3753 177 3819 vi.
213 3750 294 3817 Hoc
304 3771 392 3816 anno
405 3752 497 3822 1668.
516 3775 590 3819 cum
616 3753 661 3821 D.
677 3742 800 3820 Cassini
814 3734 971 3812 invitasset
988 3737 1199 3812 Astronomos
1217 3741 1257 3812 nd
1278 3733 1430 3808 observa.

83 3841 177 3912 rioms
187 3840 251 3911 ecli
276 3839 356 3912 sium
371 3838 542 3915 satellitum
556 3847 652 3943 Jovis
664 3843 848 3928 faciendas,
869 3861 1009 3934 quorum
1024 3839 1189 3909 invenerat
1204 3837 1361 3910 elementa
1375 3892 1385 3921 ‚
1399 3846 1433 3909 δε

81 3870 300 4030 Epheimnles
329 3938 468 4010 ediderat
495 3965 571 4011 cum
596 3939 750 4011 methodo
775 3963 827 4008 eas
853 3935 1054 4031 supputandi.
1085 3936 1303 4034 Qamplures
1326 3957 1364 4004 ex
1394 3939 1433 4006 iis

79 4027 243 4125 eclipsibus
263 4028 335 4104 sunt
349 4028 520 4107 observatae
534 4041 566 4106 in
588 4033 788 4107 Bibliotheca
811 4035 917 4129 Regia
946 4033 967 4101 ai
992 4037 1035 4103 D.
1070 4036 1181 4103 Picard
1209 4086 1220 4117 ,
1246 4030 1363 4132 quibus
1398 4053 1435 4101 ut

29 4191 32 4198 .
69 4123 213 4196 restatur
224 4132 267 4199 D.
289 4129 424 4226 Galluys
437 4136 469 4201 iii
484 4133 586 4202 diario
599 4132 807 4203 Eruditorum
822 4158 871 4201 io.
898 4122 1093 4198 ‘Decembris
1112 4126 1194 4200 illius
1219 4135 1294 4200 anni
1331 4125 1435 4222 Eplie·

70 4217 297 4322 meridesipsae
321 4222 402 4323 saepe
424 4229 564 4299 maurus
579 4229 753 4299 convenire
775 4217 973 4323 deprehensa
993 4218 1065 4294 sunt
1090 4227 1191 4318 quim
1219 4226 1344 4297 Auctor
1371 4216 1436 4320 ipsc

71 4312 277 4414 promiserat.
306 4325 408 4394 Primi
421 4319 560 4395 satellitis
573 4322 703 4420 eclipses
729 4318 899 4393 observatu
920 4317 970 4389 die
989 4346 1022 4402 7.
1045 4328 1078 4392 δι
1096 4324 1127 4393 8.
1151 4316 1369 4418 Septembris,
1386 4347 1436 4390 22.

70 4418 110 4482 dt
131 4440 182 4501 23.
204 4416 392 4489 Octobris:
416 4417 547 4519 eclipses
564 4418 697 4499 secundi
719 4417 891 4489 observatu
906 4409 978 4487 sunt
997 4418 1048 4489 die
1072 4445 1105 4507 9.
1126 4425 1159 4490 δι
1188 4432 1233 4490 16.
1253 4414 1435 4488 Odlobris:

80 4510 181 4583 Tertii
197 4508 332 4612 eclipses
344 4515 396 4583 die
413 4539 457 4588 ir·
482 4525 514 4586 &
545 4548 602 4591 ro.
626 4514 851 4604 Novembris3
873 4513 961 4608 quod
980 4515 1054 4585 ideo
1082 4518 1268 4596 innuimus,
1296 4532 1331 4580 ut
1349 4530 1438 4578 error

72 4609 111 4679 iii
122 4606 333 4708 designandis
344 4606 528 4685 satellitibus
542 4619 598 4711 qui
612 4617 646 4682 in
663 4636 700 4682 ea
720 4612 859 4683 editione
870 4608 925 4679 'bis
939 4607 1084 4703 irrepsit,
1100 4615 1292 4704 corrigatur.

125 4710 257 4778 Harum
272 4703 440 4806 ecliplium
453 4715 675 4805 experimento
693 4733 764 4781 tum
778 4712 918 4806 primum
933 4708 968 4777 in
992 4707 1098 4777 Gallia
1122 4701 1212 4774 sidio
1231 4724 1349 4794 magna
1369 4695 1439 4796 spes

71 4793 396 4906 affulfitliujusriiodi
417 4801 669 4902 prennridum
685 4827 748 4906 ope
764 4801 852 4906 polle
863 4802 1080 4875 cumdius
1097 4797 1173 4871 sieri
1191 4794 1351 4964 apdiisrfis
1362 4797 1438 4874 ub·

1264 4920 1287 4993 ¹l
