<?xml version="1.0" encoding="UTF-8"?>
<!DOCTYPE html PUBLIC "-//W3C//DTD XHTML 1.0 Transitional//EN"
    "http://www.w3.org/TR/xhtml1/DTD/xhtml1-transitional.dtd">
<html xmlns="http://www.w3.org/1999/xhtml" xml:lang="en" lang="en">
 <head>
  <title>
</title>
<meta http-equiv="Content-Type" content="text/html;charset=utf-8" />
  <meta name='ocr-system' content='tesseract 3.04.00' />
  <meta name='ocr-capabilities' content='ocr_page ocr_carea ocr_par ocr_line ocrx_word'/>
</head>
<body>
  <div class='ocr_page' id='page_1' title='image "./historia00hamegoog_0154.png"; bbox 0 0 3646 5430; ppageno 0'>
   <div class='ocr_carea' id='block_1_1' title="bbox 166 391 1654 2975">
    <p class='ocr_par' dir='ltr' id='par_1_1' title="bbox 173 391 1654 1137">
     <span class='ocr_line' id='line_1_1' title="bbox 403 391 1524 498; baseline 0.011 -32"><span class='ocrx_word' id='word_1_1' title='bbox 403 391 749 467; x_wconf 80' lang='lat' dir='ltr'>ACADEMIAE</span> <span class='ocrx_word' id='word_1_2' title='bbox 789 392 1116 473; x_wconf 77' lang='lat' dir='ltr'>HISTORIA.</span> <span class='ocrx_word' id='word_1_3' title='bbox 1157 397 1302 479; x_wconf 67' lang='lat' dir='ltr'>hul.</span> <span class='ocrx_word' id='word_1_4' title='bbox 1469 395 1524 498; x_wconf 63' lang='lat'>¹133</span> 
     </span>
     <span class='ocr_line' id='line_1_2' title="bbox 187 482 1626 592; baseline 0.002 -33"><span class='ocrx_word' id='word_1_5' title='bbox 187 483 285 583; x_wconf 72' lang='lat' dir='ltr'>pisus</span> <span class='ocrx_word' id='word_1_6' title='bbox 313 512 323 560; x_wconf 81' lang='lat' dir='ltr'>t</span> <span class='ocrx_word' id='word_1_7' title='bbox 348 482 508 576; x_wconf 86' lang='lat' dir='ltr'>secunda,</span> <span class='ocrx_word' id='word_1_8' title='bbox 528 491 573 562; x_wconf 85' lang='lat' dir='ltr'>est</span> <span class='ocrx_word' id='word_1_9' title='bbox 597 492 631 560; x_wconf 94' lang='lat' dir='ltr'>in</span> <span class='ocrx_word' id='word_1_10' title='bbox 648 487 766 588; x_wconf 78' lang='lat' dir='ltr'><strong>plumis</strong></span> <span class='ocrx_word' id='word_1_11' title='bbox 793 491 834 561; x_wconf 88' lang='lat' dir='ltr'>ad</span> <span class='ocrx_word' id='word_1_12' title='bbox 855 515 944 563; x_wconf 84' lang='lat' dir='ltr'>autes</span> <span class='ocrx_word' id='word_1_13' title='bbox 968 494 1159 592; x_wconf 82' lang='lat' dir='ltr'>prominulir</span> <span class='ocrx_word' id='word_1_14' title='bbox 1184 533 1194 590; x_wconf 81' lang='lat'>3</span> <span class='ocrx_word' id='word_1_15' title='bbox 1225 499 1311 572; x_wconf 92' lang='lat' dir='ltr'>unde</span> <span class='ocrx_word' id='word_1_16' title='bbox 1338 508 1374 576; x_wconf 73' lang='lat' dir='ltr'>dt</span> <span class='ocrx_word' id='word_1_17' title='bbox 1402 522 1522 574; x_wconf 92' lang='lat' dir='ltr'>nornen</span> <span class='ocrx_word' id='word_1_18' title='bbox 1539 493 1626 586; x_wconf 71' lang='lat' dir='ltr'>Wss,</span> 
     </span>
     <span class='ocr_line' id='line_1_3' title="bbox 186 584 1654 696; baseline 0.007 -45"><span class='ocrx_word' id='word_1_19' title='bbox 186 584 252 651; x_wconf 83' lang='lat' dir='ltr'>Onu</span> <span class='ocrx_word' id='word_1_20' title='bbox 266 586 363 656; x_wconf 72' lang='lat' dir='ltr'>nadia</span> <span class='ocrx_word' id='word_1_21' title='bbox 377 585 431 655; x_wconf 88' lang='lat' dir='ltr'>est·</span> <span class='ocrx_word' id='word_1_22' title='bbox 474 587 585 660; x_wconf 88' lang='lat' dir='ltr'>Tertia</span> <span class='ocrx_word' id='word_1_23' title='bbox 609 587 655 656; x_wconf 91' lang='lat' dir='ltr'>est</span> <span class='ocrx_word' id='word_1_24' title='bbox 679 585 911 686; x_wconf 79' lang='lat' dir='ltr'>colotisipfius</span> <span class='ocrx_word' id='word_1_25' title='bbox 931 612 1032 682; x_wconf 89' lang='lat' dir='ltr'>quem</span> <span class='ocrx_word' id='word_1_26' title='bbox 1059 589 1238 663; x_wconf 79' lang='lat' dir='ltr'>Alexander</span> <span class='ocrx_word' id='word_1_27' title='bbox 1264 597 1419 694; x_wconf 78' lang='lat' dir='ltr'>Myndius</span> <span class='ocrx_word' id='word_1_28' title='bbox 1438 597 1522 696; x_wconf 88' lang='lat' dir='ltr'>apud</span> <span class='ocrx_word' id='word_1_29' title='bbox 1539 593 1654 681; x_wconf 62' lang='lat' dir='ltr'>‹dictite-⁴</span> 
     </span>
     <span class='ocr_line' id='line_1_4' title="bbox 183 677 1524 782; baseline 0.01 -33"><span class='ocrx_word' id='word_1_30' title='bbox 183 680 353 752; x_wconf 79' lang='lat' dir='ltr'>Atheneum</span> <span class='ocrx_word' id='word_1_31' title='bbox 381 679 570 775; x_wconf 87' lang='lat' dir='ltr'>plumbeum</span> <span class='ocrx_word' id='word_1_32' title='bbox 590 677 651 751; x_wconf 83' lang='lat' dir='ltr'>elle</span> <span class='ocrx_word' id='word_1_33' title='bbox 673 687 708 753; x_wconf 79' lang='lat' dir='ltr'>de</span> <span class='ocrx_word' id='word_1_34' title='bbox 726 682 767 751; x_wconf 89' lang='lat' dir='ltr'>ad</span> <span class='ocrx_word' id='word_1_35' title='bbox 795 680 964 753; x_wconf 69' lang='lat' dir='ltr'>ceruleum</span> <span class='ocrx_word' id='word_1_36' title='bbox 981 707 1113 782; x_wconf 86' lang='lat' dir='ltr'>vergere</span> <span class='ocrx_word' id='word_1_37' title='bbox 1127 687 1268 765; x_wconf 86' lang='lat' dir='ltr'>testatur.</span> <span class='ocrx_word' id='word_1_38' title='bbox 1300 697 1378 764; x_wconf 84' lang='lat' dir='ltr'>Huc</span> <span class='ocrx_word' id='word_1_39' title='bbox 1400 694 1524 765; x_wconf 90' lang='lat' dir='ltr'>accedit</span> 
     </span>
     <span class='ocr_line' id='line_1_5' title="bbox 180 774 1523 877; baseline 0.01 -33"><span class='ocrx_word' id='word_1_40' title='bbox 180 779 205 844; x_wconf 88' lang='lat' dir='ltr'>in</span> <span class='ocrx_word' id='word_1_41' title='bbox 217 775 329 848; x_wconf 80' lang='lat' dir='ltr'>Africa</span> <span class='ocrx_word' id='word_1_42' title='bbox 339 801 413 847; x_wconf 87' lang='lat' dir='ltr'>eam</span> <span class='ocrx_word' id='word_1_43' title='bbox 425 781 568 876; x_wconf 85' lang='lat' dir='ltr'>reperiri.</span> <span class='ocrx_word' id='word_1_44' title='bbox 592 780 674 872; x_wconf 75' lang='lat' dir='ltr'>Qae</span> <span class='ocrx_word' id='word_1_45' title='bbox 692 774 841 851; x_wconf 82' lang='lat' dir='ltr'>versaliis</span> <span class='ocrx_word' id='word_1_46' title='bbox 858 783 924 870; x_wconf 84' lang='lat' dir='ltr'>ejus</span> <span class='ocrx_word' id='word_1_47' title='bbox 942 783 1066 873; x_wconf 87' lang='lat' dir='ltr'>generis</span> <span class='ocrx_word' id='word_1_48' title='bbox 1077 804 1152 852; x_wconf 84' lang='lat' dir='ltr'>aves</span> <span class='ocrx_word' id='word_1_49' title='bbox 1166 783 1407 877; x_wconf 85' lang='lat' dir='ltr'>custodiuntur,</span> <span class='ocrx_word' id='word_1_50' title='bbox 1421 789 1523 860; x_wconf 82' lang='lat' dir='ltr'>videri</span> 
     </span>
     <span class='ocr_line' id='line_1_6' title="bbox 178 868 1521 970; baseline 0.013 -31"><span class='ocrx_word' id='word_1_51' title='bbox 178 868 208 940; x_wconf 85' lang='lat' dir='ltr'>ab</span> <span class='ocrx_word' id='word_1_52' title='bbox 218 870 407 944; x_wconf 87' lang='lat' dir='ltr'>hominibus</span> <span class='ocrx_word' id='word_1_53' title='bbox 417 875 556 970; x_wconf 81' lang='lat' dir='ltr'>gestiunt</span> <span class='ocrx_word' id='word_1_54' title='bbox 571 930 581 959; x_wconf 93' lang='lat'><strong>,</strong></span> <span class='ocrx_word' id='word_1_55' title='bbox 595 895 736 968; x_wconf 89' lang='lat' dir='ltr'>cumque</span> <span class='ocrx_word' id='word_1_56' title='bbox 748 877 781 942; x_wconf 94' lang='lat' dir='ltr'>in</span> <span class='ocrx_word' id='word_1_57' title='bbox 794 897 848 945; x_wconf 82' lang='lat' dir='ltr'>eas</span> <span class='ocrx_word' id='word_1_58' title='bbox 862 871 1034 944; x_wconf 86' lang='lat' dir='ltr'>hominurn</span> <span class='ocrx_word' id='word_1_59' title='bbox 1048 898 1281 949; x_wconf 88' lang='lat' dir='ltr'>convertuntur</span> <span class='ocrx_word' id='word_1_60' title='bbox 1297 884 1402 970; x_wconf 92' lang='lat' dir='ltr'>oculi,</span> <span class='ocrx_word' id='word_1_61' title='bbox 1416 886 1521 956; x_wconf 80' lang='lat' dir='ltr'>statim</span> 
     </span>
     <span class='ocr_line' id='line_1_7' title="bbox 175 963 1524 1133; baseline 0.012 -97"><span class='ocrx_word' id='word_1_62' title='bbox 175 963 310 1081; x_wconf 67' lang='lat' dir='ltr'>exiliunt</span> <span class='ocrx_word' id='word_1_63' title='bbox 328 974 364 1133; x_wconf 58' lang='lat' dir='ltr'>qq</span> <span class='ocrx_word' id='word_1_64' title='bbox 382 967 531 1042; x_wconf 85' lang='lat' dir='ltr'>mulieres</span> <span class='ocrx_word' id='word_1_65' title='bbox 547 967 616 1039; x_wconf 88' lang='lat' dir='ltr'>illas</span> <span class='ocrx_word' id='word_1_66' title='bbox 629 965 897 1040; x_wconf 77' lang='lat' dir='ltr'>circumforaneae</span> <span class='ocrx_word' id='word_1_67' title='bbox 912 993 991 1064; x_wconf 85' lang='lat' dir='ltr'>quas</span> <span class='ocrx_word' id='word_1_68' title='bbox 1012 968 1169 1043; x_wconf 87' lang='lat' dir='ltr'>Bohesnas</span> <span class='ocrx_word' id='word_1_69' title='bbox 1183 973 1365 1072; x_wconf 86' lang='lat' dir='ltr'>appellant,</span> <span class='ocrx_word' id='word_1_70' title='bbox 1379 978 1524 1051; x_wconf 78' lang='lat' dir='ltr'>saltando</span> 
     </span>
     <span class='ocr_line' id='line_1_8' title="bbox 173 1085 471 1137; baseline 0.017 -5"><span class='ocrx_word' id='word_1_71' title='bbox 173 1085 286 1134; x_wconf 76' lang='lat' dir='ltr'>turstatt</span> <span class='ocrx_word' id='word_1_72' title='bbox 309 1089 343 1135; x_wconf 77' lang='lat' dir='ltr'>vr</span> <span class='ocrx_word' id='word_1_73' title='bbox 365 1086 471 1137; x_wconf 88' lang='lat' dir='ltr'>entur.</span> 
     </span>
    </p>

    <p class='ocr_par' dir='ltr' id='par_1_2' title="bbox 166 1158 1528 2190">
     <span class='ocr_line' id='line_1_9' title="bbox 207 1158 1524 1259; baseline 0.011 -29"><span class='ocrx_word' id='word_1_74' title='bbox 207 1162 275 1230; x_wconf 86' lang='lat' dir='ltr'>vt.</span> <span class='ocrx_word' id='word_1_75' title='bbox 301 1160 411 1256; x_wconf 78' lang='lat' dir='ltr'>Atque</span> <span class='ocrx_word' id='word_1_76' title='bbox 422 1160 490 1232; x_wconf 78' lang='lat' dir='ltr'>haec</span> <span class='ocrx_word' id='word_1_77' title='bbox 511 1162 550 1231; x_wconf 90' lang='lat' dir='ltr'>de</span> <span class='ocrx_word' id='word_1_78' title='bbox 567 1160 703 1232; x_wconf 82' lang='lat' dir='ltr'>externis</span> <span class='ocrx_word' id='word_1_79' title='bbox 726 1161 879 1258; x_wconf 86' lang='lat' dir='ltr'>patribus.</span> <span class='ocrx_word' id='word_1_80' title='bbox 910 1162 1011 1259; x_wconf 83' lang='lat' dir='ltr'>Jecur</span> <span class='ocrx_word' id='word_1_81' title='bbox 1033 1158 1222 1235; x_wconf 89' lang='lat' dir='ltr'>schirrosurn</span> <span class='ocrx_word' id='word_1_82' title='bbox 1241 1189 1310 1241; x_wconf 90' lang='lat' dir='ltr'>erar</span> <span class='ocrx_word' id='word_1_83' title='bbox 1330 1172 1365 1240; x_wconf 91' lang='lat' dir='ltr'>in</span> <span class='ocrx_word' id='word_1_84' title='bbox 1383 1171 1524 1244; x_wconf 88' lang='lat' dir='ltr'>nonnul·</span> 
     </span>
     <span class='ocr_line' id='line_1_10' title="bbox 172 1251 1523 1353; baseline 0.012 -29"><span class='ocrx_word' id='word_1_85' title='bbox 172 1251 233 1338; x_wconf 79' lang='lat' dir='ltr'>lis,</span> <span class='ocrx_word' id='word_1_86' title='bbox 260 1277 299 1324; x_wconf 84' lang='lat' dir='ltr'>ex</span> <span class='ocrx_word' id='word_1_87' title='bbox 319 1255 458 1350; x_wconf 83' lang='lat' dir='ltr'>granulis</span> <span class='ocrx_word' id='word_1_88' title='bbox 468 1254 559 1328; x_wconf 84' lang='lat' dir='ltr'>flavis</span> <span class='ocrx_word' id='word_1_89' title='bbox 585 1258 679 1328; x_wconf 86' lang='lat' dir='ltr'>instat</span> <span class='ocrx_word' id='word_1_90' title='bbox 693 1281 868 1353; x_wconf 87' lang='lat' dir='ltr'>granorum</span> <span class='ocrx_word' id='word_1_91' title='bbox 887 1258 969 1328; x_wconf 89' lang='lat' dir='ltr'>milii</span> <span class='ocrx_word' id='word_1_92' title='bbox 992 1253 1181 1333; x_wconf 79' lang='lat' dir='ltr'><strong>coalescens.</strong></span> <span class='ocrx_word' id='word_1_93' title='bbox 1217 1266 1306 1333; x_wconf 86' lang='lat' dir='ltr'>Hinc</span> <span class='ocrx_word' id='word_1_94' title='bbox 1332 1265 1523 1340; x_wconf 67' lang='lat' dir='ltr'>strusturam</span> 
     </span>
     <span class='ocr_line' id='line_1_11' title="bbox 171 1346 1526 1459; baseline 0.013 -43"><span class='ocrx_word' id='word_1_95' title='bbox 171 1346 296 1445; x_wconf 83' lang='lat' dir='ltr'>hepatis</span> <span class='ocrx_word' id='word_1_96' title='bbox 314 1373 352 1420; x_wconf 83' lang='lat' dir='ltr'>ex</span> <span class='ocrx_word' id='word_1_97' title='bbox 378 1347 497 1421; x_wconf 88' lang='lat' dir='ltr'>lobulis</span> <span class='ocrx_word' id='word_1_98' title='bbox 520 1349 684 1437; x_wconf 88' lang='lat' dir='ltr'>conllari,</span> <span class='ocrx_word' id='word_1_99' title='bbox 711 1357 768 1446; x_wconf 91' lang='lat' dir='ltr'>qui</span> <span class='ocrx_word' id='word_1_100' title='bbox 792 1357 908 1423; x_wconf 87' lang='lat' dir='ltr'>iterum</span> <span class='ocrx_word' id='word_1_101' title='bbox 923 1354 941 1424; x_wconf 85' lang='grc' dir='ltr'>ὲ</span> <span class='ocrx_word' id='word_1_102' title='bbox 956 1350 1113 1450; x_wconf 78' lang='lat' dir='ltr'><strong>glandulis</strong></span> <span class='ocrx_word' id='word_1_103' title='bbox 1137 1356 1308 1450; x_wconf 87' lang='lat' dir='ltr'>constane,</span> <span class='ocrx_word' id='word_1_104' title='bbox 1328 1363 1407 1456; x_wconf 87' lang='lat' dir='ltr'>justa</span> <span class='ocrx_word' id='word_1_105' title='bbox 1422 1358 1526 1459; x_wconf 90' lang='lat' dir='ltr'>suspi-</span> 
     </span>
     <span class='ocr_line' id='line_1_12' title="bbox 173 1439 1524 1547; baseline 0.013 -34"><span class='ocrx_word' id='word_1_106' title='bbox 173 1447 228 1513; x_wconf 91' lang='lat' dir='ltr'>cio</span> <span class='ocrx_word' id='word_1_107' title='bbox 238 1439 312 1518; x_wconf 85' lang='lat' dir='ltr'>fuit.</span> <span class='ocrx_word' id='word_1_108' title='bbox 343 1451 433 1547; x_wconf 74' lang='lat' dir='ltr'>Qin</span> <span class='ocrx_word' id='word_1_109' title='bbox 450 1454 485 1518; x_wconf 81' lang='lat' dir='ltr'>dc</span> <span class='ocrx_word' id='word_1_110' title='bbox 505 1445 667 1544; x_wconf 86' lang='lat' dir='ltr'>capillares</span> <span class='ocrx_word' id='word_1_111' title='bbox 688 1447 801 1519; x_wconf 83' lang='lat' dir='ltr'>ramuli</span> <span class='ocrx_word' id='word_1_112' title='bbox 829 1471 930 1546; x_wconf 82' lang='lat' dir='ltr'>portae</span> <span class='ocrx_word' id='word_1_113' title='bbox 952 1503 963 1534; x_wconf 90' lang='lat'>‚</span> <span class='ocrx_word' id='word_1_114' title='bbox 989 1470 1073 1520; x_wconf 82' lang='lat' dir='ltr'>cavae</span> <span class='ocrx_word' id='word_1_115' title='bbox 1098 1456 1165 1534; x_wconf 80' lang='lat' dir='ltr'>,de</span> <span class='ocrx_word' id='word_1_116' title='bbox 1185 1451 1340 1528; x_wconf 72' lang='lat' dir='ltr'>dudluum</span> <span class='ocrx_word' id='word_1_117' title='bbox 1360 1455 1524 1530; x_wconf 89' lang='lat' dir='ltr'>biliarium</span> 
     </span>
     <span class='ocr_line' id='line_1_13' title="bbox 173 1541 1522 1640; baseline 0.013 -32"><span class='ocrx_word' id='word_1_118' title='bbox 173 1562 345 1636; x_wconf 78' lang='lat' dir='ltr'>urnamque</span> <span class='ocrx_word' id='word_1_119' title='bbox 363 1541 573 1640; x_wconf 79' lang='lat' dir='ltr'>peragrabant</span> <span class='ocrx_word' id='word_1_120' title='bbox 597 1542 745 1630; x_wconf 89' lang='lat' dir='ltr'>lobum;</span> <span class='ocrx_word' id='word_1_121' title='bbox 773 1566 913 1637; x_wconf 86' lang='lat' dir='ltr'>cumque</span> <span class='ocrx_word' id='word_1_122' title='bbox 933 1553 1020 1635; x_wconf 84' lang='lat' dir='ltr'>jecut</span> <span class='ocrx_word' id='word_1_123' title='bbox 1049 1564 1116 1613; x_wconf 93' lang='lat' dir='ltr'>non</span> <span class='ocrx_word' id='word_1_124' title='bbox 1147 1550 1283 1618; x_wconf 90' lang='lat' dir='ltr'>omnino</span> <span class='ocrx_word' id='word_1_125' title='bbox 1315 1552 1522 1640; x_wconf 86' lang='lat' dir='ltr'>induruerat,</span> 
     </span>
     <span class='ocr_line' id='line_1_14' title="bbox 172 1632 1522 1747; baseline 0.005 -43"><span class='ocrx_word' id='word_1_126' title='bbox 172 1638 310 1733; x_wconf 85' lang='lat' dir='ltr'>a&#39;e&#39;reper</span> <span class='ocrx_word' id='word_1_127' title='bbox 325 1661 383 1709; x_wconf 81' lang='lat' dir='ltr'>eoa</span> <span class='ocrx_word' id='word_1_128' title='bbox 404 1637 544 1708; x_wconf 79' lang='lat' dir='ltr'>ramulos</span> <span class='ocrx_word' id='word_1_129' title='bbox 564 1632 704 1708; x_wconf 81' lang='lat' dir='ltr'>immillo</span> <span class='ocrx_word' id='word_1_130' title='bbox 723 1662 789 1708; x_wconf 88' lang='lat' dir='ltr'>uon</span> <span class='ocrx_word' id='word_1_131' title='bbox 803 1635 906 1707; x_wconf 93' lang='lat' dir='ltr'>lobuli</span> <span class='ocrx_word' id='word_1_132' title='bbox 920 1640 1020 1709; x_wconf 90' lang='lat' dir='ltr'>modo</span> <span class='ocrx_word' id='word_1_133' title='bbox 1041 1692 1052 1724; x_wconf 86' lang='lat'><strong>,</strong></span> <span class='ocrx_word' id='word_1_134' title='bbox 1075 1634 1125 1707; x_wconf 92' lang='lat' dir='ltr'>sed</span> <span class='ocrx_word' id='word_1_135' title='bbox 1149 1642 1247 1709; x_wconf 90' lang='lat' dir='ltr'>etiarn</span> <span class='ocrx_word' id='word_1_136' title='bbox 1273 1645 1430 1741; x_wconf 75' lang='lat' dir='ltr'>glandnlae</span> <span class='ocrx_word' id='word_1_137' title='bbox 1452 1648 1522 1747; x_wconf 79' lang='lat' dir='ltr'>ple-</span> 
     </span>
     <span class='ocr_line' id='line_1_15' title="bbox 170 1728 1523 1838; baseline 0.012 -38"><span class='ocrx_word' id='word_1_138' title='bbox 170 1753 309 1826; x_wconf 87' lang='lat' dir='ltr'>rumque</span> <span class='ocrx_word' id='word_1_139' title='bbox 331 1728 424 1805; x_wconf 81' lang='lat' dir='ltr'>simul</span> <span class='ocrx_word' id='word_1_140' title='bbox 442 1742 477 1806; x_wconf 78' lang='lat' dir='ltr'>dc</span> <span class='ocrx_word' id='word_1_141' title='bbox 500 1758 574 1805; x_wconf 91' lang='lat' dir='ltr'>cum</span> <span class='ocrx_word' id='word_1_142' title='bbox 589 1730 727 1819; x_wconf 85' lang='lat' dir='ltr'>lobulis,</span> <span class='ocrx_word' id='word_1_143' title='bbox 743 1732 917 1828; x_wconf 89' lang='lat' dir='ltr'>aliquando</span> <span class='ocrx_word' id='word_1_144' title='bbox 938 1730 1104 1832; x_wconf 78' lang='lat' dir='ltr'>separatim</span> <span class='ocrx_word' id='word_1_145' title='bbox 1121 1732 1371 1813; x_wconf 82' lang='lat' dir='ltr'>intumescebant</span> <span class='ocrx_word' id='word_1_146' title='bbox 1392 1776 1402 1832; x_wconf 79' lang='lat'>3</span> <span class='ocrx_word' id='word_1_147' title='bbox 1423 1765 1523 1838; x_wconf 88' lang='lat' dir='ltr'>atque</span> 
     </span>
     <span class='ocr_line' id='line_1_16' title="bbox 167 1815 1523 1932; baseline 0.01 -37"><span class='ocrx_word' id='word_1_148' title='bbox 167 1848 204 1894; x_wconf 81' lang='lat' dir='ltr'>ex</span> <span class='ocrx_word' id='word_1_149' title='bbox 216 1849 256 1897; x_wconf 82' lang='lat' dir='ltr'>ea</span> <span class='ocrx_word' id='word_1_150' title='bbox 277 1815 523 1900; x_wconf 77' lang='lat' dir='ltr'>intumescentia</span> <span class='ocrx_word' id='word_1_151' title='bbox 538 1829 672 1900; x_wconf 81' lang='lat' dir='ltr'>validius</span> <span class='ocrx_word' id='word_1_152' title='bbox 685 1848 911 1924; x_wconf 83' lang='lat' dir='ltr'>argumentum</span> <span class='ocrx_word' id='word_1_153' title='bbox 925 1825 1093 1900; x_wconf 79' lang='lat' dir='ltr'>conficitur</span> <span class='ocrx_word' id='word_1_154' title='bbox 1106 1836 1192 1921; x_wconf 87' lang='lat' dir='ltr'>jecur</span> <span class='ocrx_word' id='word_1_155' title='bbox 1203 1828 1221 1899; x_wconf 79' lang='grc' dir='ltr'>ὲ</span> <span class='ocrx_word' id='word_1_156' title='bbox 1232 1829 1349 1906; x_wconf 81' lang='lat' dir='ltr'>lobulis</span> <span class='ocrx_word' id='word_1_157' title='bbox 1373 1844 1407 1907; x_wconf 80' lang='lat' dir='ltr'>dt</span> <span class='ocrx_word' id='word_1_158' title='bbox 1427 1835 1523 1932; x_wconf 89' lang='lat' dir='ltr'>glan·</span> 
     </span>
     <span class='ocr_line' id='line_1_17' title="bbox 166 1919 1523 2028; baseline 0.01 -39"><span class='ocrx_word' id='word_1_159' title='bbox 166 1920 247 1992; x_wconf 89' lang='lat' dir='ltr'>dulis</span> <span class='ocrx_word' id='word_1_160' title='bbox 260 1920 325 1993; x_wconf 71' lang='lat' dir='ltr'>elle</span> <span class='ocrx_word' id='word_1_161' title='bbox 338 1920 519 1995; x_wconf 87' lang='lat' dir='ltr'>conflatum</span> <span class='ocrx_word' id='word_1_162' title='bbox 537 1981 548 2012; x_wconf 91' lang='lat'>,</span> <span class='ocrx_word' id='word_1_163' title='bbox 570 1948 669 2021; x_wconf 88' lang='lat' dir='ltr'>quam</span> <span class='ocrx_word' id='word_1_164' title='bbox 688 1946 728 1992; x_wconf 87' lang='lat' dir='ltr'>ex</span> <span class='ocrx_word' id='word_1_165' title='bbox 750 1919 821 2018; x_wconf 78' lang='lat' dir='ltr'>ipsis</span> <span class='ocrx_word' id='word_1_166' title='bbox 838 1926 978 2017; x_wconf 81' lang='lat' dir='ltr'>granulis</span> <span class='ocrx_word' id='word_1_167' title='bbox 994 1923 1146 1994; x_wconf 84' lang='lat' dir='ltr'>induratis</span> <span class='ocrx_word' id='word_1_168' title='bbox 1167 1947 1236 1995; x_wconf 82' lang='lat' dir='ltr'>etae</span> <span class='ocrx_word' id='word_1_169' title='bbox 1255 1936 1376 2028; x_wconf 84' lang='lat' dir='ltr'>quippe</span> <span class='ocrx_word' id='word_1_170' title='bbox 1390 1954 1428 2000; x_wconf 88' lang='lat' dir='ltr'>ex</span> <span class='ocrx_word' id='word_1_171' title='bbox 1446 1928 1523 2003; x_wconf 88' lang='lat' dir='ltr'>obs·</span> 
     </span>
     <span class='ocr_line' id='line_1_18' title="bbox 166 2016 1528 2131; baseline 0.01 -44"><span class='ocrx_word' id='word_1_172' title='bbox 166 2019 334 2131; x_wconf 73' lang='lat' dir='ltr'>trustipne</span> <span class='ocrx_word' id='word_1_173' title='bbox 349 2016 487 2090; x_wconf 89' lang='lat' dir='ltr'>formari</span> <span class='ocrx_word' id='word_1_174' title='bbox 503 2018 651 2120; x_wconf 75' lang='lat' dir='ltr'>possunt,</span> <span class='ocrx_word' id='word_1_175' title='bbox 670 2020 824 2088; x_wconf 86' lang='lat' dir='ltr'>utevenit</span> <span class='ocrx_word' id='word_1_176' title='bbox 836 2020 870 2086; x_wconf 92' lang='lat' dir='ltr'>in</span> <span class='ocrx_word' id='word_1_177' title='bbox 885 2017 989 2108; x_wconf 89' lang='lat' dir='ltr'>liene,</span> <span class='ocrx_word' id='word_1_178' title='bbox 1012 2020 1070 2114; x_wconf 91' lang='lat' dir='ltr'>qui</span> <span class='ocrx_word' id='word_1_179' title='bbox 1088 2041 1198 2092; x_wconf 86' lang='lat' dir='ltr'>tamcn</span> <span class='ocrx_word' id='word_1_180' title='bbox 1222 2042 1260 2094; x_wconf 81' lang='lat' dir='ltr'>tx</span> <span class='ocrx_word' id='word_1_181' title='bbox 1281 2023 1437 2126; x_wconf 77' lang='lat' dir='ltr'>glandulis</span> <span class='ocrx_word' id='word_1_182' title='bbox 1454 2027 1528 2101; x_wconf 77' lang='lat' dir='ltr'>nou&#39;</span> 
     </span>
     <span class='ocr_line' id='line_1_19' title="bbox 168 2135 400 2190; baseline 0.022 -7"><span class='ocrx_word' id='word_1_183' title='bbox 168 2135 241 2184; x_wconf 91' lang='lat' dir='ltr'>com</span> <span class='ocrx_word' id='word_1_184' title='bbox 266 2139 277 2184; x_wconf 90' lang='lat' dir='ltr'>r</span> <span class='ocrx_word' id='word_1_185' title='bbox 337 2137 400 2190; x_wconf 86' lang='lat' dir='ltr'>rur.</span> 
     </span>
    </p>

    <p class='ocr_par' dir='ltr' id='par_1_3' title="bbox 169 2138 1529 2975">
     <span class='ocr_line' id='line_1_20' title="bbox 218 2138 1525 2309; baseline 0.008 -29"><span class='ocrx_word' id='word_1_186' title='bbox 218 2138 352 2306; x_wconf 45' lang='lat' dir='ltr'>lgrbgnb</span> <span class='ocrx_word' id='word_1_187' title='bbox 379 2234 415 2282; x_wconf 92' lang='lat' dir='ltr'>ut</span> <span class='ocrx_word' id='word_1_188' title='bbox 437 2217 471 2283; x_wconf 92' lang='lat' dir='ltr'>in</span> <span class='ocrx_word' id='word_1_189' title='bbox 492 2208 636 2298; x_wconf 78' lang='lat' dir='ltr'>Ansere,</span> <span class='ocrx_word' id='word_1_190' title='bbox 655 2209 768 2309; x_wconf 77' lang='lat' dir='ltr'>aspera</span> <span class='ocrx_word' id='word_1_191' title='bbox 785 2211 905 2279; x_wconf 84' lang='lat' dir='ltr'>artetiae</span> <span class='ocrx_word' id='word_1_192' title='bbox 924 2206 1035 2278; x_wconf 89' lang='lat' dir='ltr'>annuli</span> <span class='ocrx_word' id='word_1_193' title='bbox 1055 2212 1170 2306; x_wconf 81' lang='lat' dir='ltr'>integri</span> <span class='ocrx_word' id='word_1_194' title='bbox 1193 2217 1227 2284; x_wconf 79' lang='lat' dir='ltr'>dr</span> <span class='ocrx_word' id='word_1_195' title='bbox 1247 2210 1316 2286; x_wconf 68' lang='lat' dir='ltr'>ferd</span> <span class='ocrx_word' id='word_1_196' title='bbox 1338 2213 1413 2287; x_wconf 75' lang='lat' dir='ltr'>oll&#39;ei</span> <span class='ocrx_word' id='word_1_197' title='bbox 1438 2221 1525 2292; x_wconf 89' lang='lat' dir='ltr'>miro</span> 
     </span>
     <span class='ocr_line' id='line_1_21' title="bbox 169 2301 1525 2408; baseline 0.007 -34"><span class='ocrx_word' id='word_1_198' title='bbox 169 2301 310 2376; x_wconf 86' lang='lat' dir='ltr'>artifieio</span> <span class='ocrx_word' id='word_1_199' title='bbox 331 2301 471 2404; x_wconf 77' lang='lat' dir='ltr'>dispositi</span> <span class='ocrx_word' id='word_1_200' title='bbox 487 2366 497 2395; x_wconf 92' lang='lat'><em>‚</em></span> <span class='ocrx_word' id='word_1_201' title='bbox 511 2312 675 2402; x_wconf 87' lang='lat' dir='ltr'>utrimque</span> <span class='ocrx_word' id='word_1_202' title='bbox 701 2303 744 2379; x_wconf 84' lang='lat' dir='ltr'>stc</span> <span class='ocrx_word' id='word_1_203' title='bbox 762 2301 851 2375; x_wconf 84' lang='lat' dir='ltr'>ineisr</span> <span class='ocrx_word' id='word_1_204' title='bbox 873 2358 884 2388; x_wconf 94' lang='lat'><strong>,</strong></span> <span class='ocrx_word' id='word_1_205' title='bbox 908 2322 943 2371; x_wconf 91' lang='lat' dir='ltr'>ut</span> <span class='ocrx_word' id='word_1_206' title='bbox 962 2327 1044 2375; x_wconf 82' lang='lat' dir='ltr'>unus</span> <span class='ocrx_word' id='word_1_207' title='bbox 1066 2305 1205 2383; x_wconf 87' lang='lat' dir='ltr'>alterum</span> <span class='ocrx_word' id='word_1_208' title='bbox 1222 2331 1264 2376; x_wconf 83' lang='lat' dir='ltr'>ex</span> <span class='ocrx_word' id='word_1_209' title='bbox 1285 2331 1374 2404; x_wconf 89' lang='lat' dir='ltr'>parte</span> <span class='ocrx_word' id='word_1_210' title='bbox 1390 2333 1525 2408; x_wconf 81' lang='lat' dir='ltr'>tegeret.</span> 
     </span>
     <span class='ocr_line' id='line_1_22' title="bbox 172 2395 1526 2498; baseline 0.004 -27"><span class='ocrx_word' id='word_1_211' title='bbox 172 2405 247 2474; x_wconf 90' lang='lat' dir='ltr'>Nec</span> <span class='ocrx_word' id='word_1_212' title='bbox 266 2403 371 2470; x_wconf 72' lang='lat' dir='ltr'>nunu</span> <span class='ocrx_word' id='word_1_213' title='bbox 384 2402 538 2474; x_wconf 86' lang='lat' dir='ltr'>mirabilis</span> <span class='ocrx_word' id='word_1_214' title='bbox 550 2403 593 2473; x_wconf 86' lang='lat' dir='ltr'>est</span> <span class='ocrx_word' id='word_1_215' title='bbox 609 2405 708 2471; x_wconf 88' lang='lat' dir='ltr'>totius</span> <span class='ocrx_word' id='word_1_216' title='bbox 722 2401 842 2470; x_wconf 83' lang='lat' dir='ltr'>arteriae</span> <span class='ocrx_word' id='word_1_217' title='bbox 857 2395 896 2467; x_wconf 91' lang='lat' dir='ltr'>as</span> <span class='ocrx_word' id='word_1_218' title='bbox 930 2420 970 2464; x_wconf 84' lang='lat' dir='ltr'>rae</span> <span class='ocrx_word' id='word_1_219' title='bbox 988 2397 1208 2480; x_wconf 81' lang='lat' dir='ltr'>conformatio</span> <span class='ocrx_word' id='word_1_220' title='bbox 1224 2426 1233 2470; x_wconf 91' lang='lat'><strong>:</strong></span> <span class='ocrx_word' id='word_1_221' title='bbox 1248 2405 1417 2498; x_wconf 89' lang='lat' dir='ltr'>postquam</span> <span class='ocrx_word' id='word_1_222' title='bbox 1438 2413 1526 2482; x_wconf 88' lang='lat' dir='ltr'>enim</span> 
     </span>
     <span class='ocr_line' id='line_1_23' title="bbox 171 2421 1528 2582; baseline 0.004 -15"><span class='ocrx_word' id='word_1_223' title='bbox 171 2499 261 2567; x_wconf 75' lang='lat' dir='ltr'>recia</span> <span class='ocrx_word' id='word_1_224' title='bbox 283 2492 442 2570; x_wconf 84' lang='lat' dir='ltr'>descendit</span> <span class='ocrx_word' id='word_1_225' title='bbox 461 2495 632 2570; x_wconf 89' lang='lat' dir='ltr'>secundum</span> <span class='ocrx_word' id='word_1_226' title='bbox 656 2494 733 2566; x_wconf 91' lang='lat' dir='ltr'>colli</span> <span class='ocrx_word' id='word_1_227' title='bbox 757 2492 811 2563; x_wconf 94' lang='lat' dir='ltr'>lon</span> <span class='ocrx_word' id='word_1_228' title='bbox 835 2421 990 2563; x_wconf 65' lang='lat' dir='ltr'>iturlilrem</span> <span class='ocrx_word' id='word_1_229' title='bbox 1016 2546 1028 2576; x_wconf 91' lang='lat'><strong><em>,</em></strong></span> <span class='ocrx_word' id='word_1_230' title='bbox 1053 2485 1229 2565; x_wconf 76' lang='lat' dir='ltr'>extrorsum</span> <span class='ocrx_word' id='word_1_231' title='bbox 1259 2494 1399 2568; x_wconf 74' lang='lat' dir='ltr'>defleuit</span> <span class='ocrx_word' id='word_1_232' title='bbox 1423 2553 1435 2582; x_wconf 86' lang='lat'><strong>,</strong></span> <span class='ocrx_word' id='word_1_233' title='bbox 1468 2525 1528 2573; x_wconf 86' lang='lat' dir='ltr'>nec</span> 
     </span>
     <span class='ocr_line' id='line_1_24' title="bbox 174 2517 1529 2689; baseline 0.006 -29"><span class='ocrx_word' id='word_1_234' title='bbox 174 2594 291 2689; x_wconf 67' lang='lat' dir='ltr'>pectus</span> <span class='ocrx_word' id='word_1_235' title='bbox 310 2645 323 2676; x_wconf 90' lang='lat'><strong>,</strong></span> <span class='ocrx_word' id='word_1_236' title='bbox 345 2585 396 2658; x_wconf 89' lang='lat' dir='ltr'>sed</span> <span class='ocrx_word' id='word_1_237' title='bbox 418 2598 585 2666; x_wconf 88' lang='lat' dir='ltr'>cavitatem</span> <span class='ocrx_word' id='word_1_238' title='bbox 605 2597 637 2660; x_wconf 90' lang='lat' dir='ltr'>in</span> <span class='ocrx_word' id='word_1_239' title='bbox 662 2589 755 2661; x_wconf 85' lang='lat' dir='ltr'>sterni</span> <span class='ocrx_word' id='word_1_240' title='bbox 779 2517 843 2658; x_wconf 68' lang='lat' dir='ltr'>olle</span> <span class='ocrx_word' id='word_1_241' title='bbox 863 2609 1004 2683; x_wconf 88' lang='lat' dir='ltr'>paratam</span> <span class='ocrx_word' id='word_1_242' title='bbox 1021 2584 1135 2674; x_wconf 89' lang='lat' dir='ltr'>subit,</span> <span class='ocrx_word' id='word_1_243' title='bbox 1169 2611 1240 2660; x_wconf 92' lang='lat' dir='ltr'>tum</span> <span class='ocrx_word' id='word_1_244' title='bbox 1264 2586 1385 2661; x_wconf 89' lang='lat' dir='ltr'>sursum</span> <span class='ocrx_word' id='word_1_245' title='bbox 1413 2590 1529 2668; x_wconf 78' lang='lat' dir='ltr'>reflexa</span> 
     </span>
     <span class='ocr_line' id='line_1_25' title="bbox 176 2680 1526 2784; baseline 0.004 -30"><span class='ocrx_word' id='word_1_246' title='bbox 176 2681 287 2755; x_wconf 78' lang='lat' dir='ltr'>uersus</span> <span class='ocrx_word' id='word_1_247' title='bbox 306 2707 377 2754; x_wconf 90' lang='lat' dir='ltr'>eam</span> <span class='ocrx_word' id='word_1_248' title='bbox 392 2710 512 2783; x_wconf 88' lang='lat' dir='ltr'>partem</span> <span class='ocrx_word' id='word_1_249' title='bbox 532 2714 596 2782; x_wconf 91' lang='lat' dir='ltr'>qua</span> <span class='ocrx_word' id='word_1_250' title='bbox 617 2681 749 2784; x_wconf 78' lang='lat' dir='ltr'>ingressa</span> <span class='ocrx_word' id='word_1_251' title='bbox 768 2682 831 2770; x_wconf 89' lang='lat' dir='ltr'>est,</span> <span class='ocrx_word' id='word_1_252' title='bbox 854 2688 888 2752; x_wconf 91' lang='lat' dir='ltr'>in</span> <span class='ocrx_word' id='word_1_253' title='bbox 910 2683 1020 2778; x_wconf 68' lang='lat' dir='ltr'>petius</span> <span class='ocrx_word' id='word_1_254' title='bbox 1036 2680 1206 2759; x_wconf 90' lang='lat' dir='ltr'>descendit.</span> <span class='ocrx_word' id='word_1_255' title='bbox 1229 2684 1350 2756; x_wconf 79' lang='lat' dir='ltr'>Annuli</span> <span class='ocrx_word' id='word_1_256' title='bbox 1362 2691 1395 2755; x_wconf 92' lang='lat' dir='ltr'>in</span> <span class='ocrx_word' id='word_1_257' title='bbox 1410 2693 1526 2759; x_wconf 74' lang='lat' dir='ltr'>eocir.</span> 
     </span>
     <span class='ocr_line' id='line_1_26' title="bbox 171 2775 1528 2948; baseline 0.003 -96"><span class='ocrx_word' id='word_1_258' title='bbox 171 2785 268 2852; x_wconf 81' lang='lat' dir='ltr'>cuitu</span> <span class='ocrx_word' id='word_1_259' title='bbox 280 2778 590 2948; x_wconf 50' lang='lat' dir='ltr'>itasunqtconjundii</span> <span class='ocrx_word' id='word_1_260' title='bbox 608 2805 643 2854; x_wconf 93' lang='lat' dir='ltr'>ut</span> <span class='ocrx_word' id='word_1_261' title='bbox 661 2783 787 2853; x_wconf 90' lang='lat' dir='ltr'>moveri</span> <span class='ocrx_word' id='word_1_262' title='bbox 804 2803 871 2849; x_wconf 90' lang='lat' dir='ltr'>uon</span> <span class='ocrx_word' id='word_1_263' title='bbox 885 2775 1015 2880; x_wconf 83' lang='lat' dir='ltr'>poffint.</span> <span class='ocrx_word' id='word_1_264' title='bbox 1046 2783 1140 2882; x_wconf 55' lang='lat' dir='ltr'>»Nam</span> <span class='ocrx_word' id='word_1_265' title='bbox 1159 2779 1265 2854; x_wconf 90' lang='lat' dir='ltr'>sterno</span> <span class='ocrx_word' id='word_1_266' title='bbox 1275 2778 1430 2854; x_wconf 85' lang='lat' dir='ltr'>contlufis</span> <span class='ocrx_word' id='word_1_267' title='bbox 1447 2779 1528 2856; x_wconf 86' lang='lat' dir='ltr'>nihil</span> 
     </span>
     <span class='ocr_line' id='line_1_27' title="bbox 174 2899 443 2975; baseline 0.015 -28"><span class='ocrx_word' id='word_1_268' title='bbox 174 2899 269 2947; x_wconf 91' lang='lat' dir='ltr'>motu</span> <span class='ocrx_word' id='word_1_269' title='bbox 289 2900 401 2975; x_wconf 73' lang='lat' dir='ltr'>opust</span> <span class='ocrx_word' id='word_1_270' title='bbox 433 2932 443 2951; x_wconf 89' lang='lat'><strong>.</strong></span> 
     </span>
    </p>
   </div>
   <div class='ocr_carea' id='block_1_2' title="bbox 643 3178 1056 3272">
    <p class='ocr_par' dir='ltr' id='par_1_4' title="bbox 643 3178 1056 3272">
     <span class='ocr_line' id='line_1_28' title="bbox 643 3178 1056 3272; baseline 0.024 -11"><span class='ocrx_word' id='word_1_271' title='bbox 643 3178 920 3262; x_wconf 86' lang='lat' dir='ltr'>CAPUT</span> <span class='ocrx_word' id='word_1_272' title='bbox 1001 3187 1056 3272; x_wconf 87' lang='lat' dir='ltr'>V.</span> 
     </span>
    </p>
   </div>
   <div class='ocr_carea' id='block_1_3' title="bbox 222 3367 1472 3482">
    <p class='ocr_par' dir='ltr' id='par_1_5' title="bbox 222 3367 1472 3482">
     <span class='ocr_line' id='line_1_29' title="bbox 222 3367 1472 3482; baseline 0.002 -29"><span class='ocrx_word' id='word_1_273' title='bbox 222 3387 280 3453; x_wconf 83' lang='lat' dir='ltr'>De</span> <span class='ocrx_word' id='word_1_274' title='bbox 297 3368 562 3457; x_wconf 76' lang='lat' dir='ltr'>struthionibus</span> <span class='ocrx_word' id='word_1_275' title='bbox 583 3367 626 3461; x_wconf 66' lang='lat' dir='ltr'>es</span> <span class='ocrx_word' id='word_1_276' title='bbox 646 3383 725 3450; x_wconf 84' lang='lat' dir='ltr'>Ave</span> <span class='ocrx_word' id='word_1_277' title='bbox 743 3370 895 3480; x_wconf 79' lang='lat' dir='ltr'>quadam</span> <span class='ocrx_word' id='word_1_278' title='bbox 912 3375 1039 3452; x_wconf 77' lang='lat' dir='ltr'>Indica</span> <span class='ocrx_word' id='word_1_279' title='bbox 1059 3373 1266 3456; x_wconf 61' lang='lat' dir='ltr'>struthionis</span> <span class='ocrx_word' id='word_1_280' title='bbox 1284 3374 1472 3482; x_wconf 80' lang='lat' dir='ltr'>constmili.</span> 
     </span>
    </p>
   </div>
   <div class='ocr_carea' id='block_1_4' title="bbox 145 3545 1609 4788">
    <p class='ocr_par' dir='ltr' id='par_1_6' title="bbox 145 3545 1609 4788">
     <span class='ocr_line' id='line_1_30' title="bbox 171 3545 1528 3644; baseline -0.002 -19"><span class='ocrx_word' id='word_1_281' title='bbox 171 3561 198 3625; x_wconf 88' lang='lat'>1.</span> <span class='ocrx_word' id='word_1_282' title='bbox 280 3549 482 3625; x_wconf 81' lang='lat' dir='ltr'>Truthiones</span> <span class='ocrx_word' id='word_1_283' title='bbox 519 3550 596 3621; x_wconf 79' lang='lat' dir='ltr'>odio</span> <span class='ocrx_word' id='word_1_284' title='bbox 625 3545 754 3621; x_wconf 78' lang='lat' dir='ltr'>diversis</span> <span class='ocrx_word' id='word_1_285' title='bbox 787 3547 985 3644; x_wconf 79' lang='lat' dir='ltr'>temporibus</span> <span class='ocrx_word' id='word_1_286' title='bbox 1015 3549 1135 3620; x_wconf 77' lang='lat' dir='ltr'>diffedii</span> <span class='ocrx_word' id='word_1_287' title='bbox 1169 3550 1269 3621; x_wconf 89' lang='lat' dir='ltr'>multa</span> <span class='ocrx_word' id='word_1_288' title='bbox 1307 3545 1528 3622; x_wconf 83' lang='lat' dir='ltr'>observatione</span> 
     </span>
     <span class='ocr_line' id='line_1_31' title="bbox 283 3640 1528 3744; baseline -0.001 -27"><span class='ocrx_word' id='word_1_289' title='bbox 283 3651 381 3744; x_wconf 88' lang='lat' dir='ltr'>digna</span> <span class='ocrx_word' id='word_1_290' title='bbox 405 3645 603 3740; x_wconf 83' lang='lat' dir='ltr'>praebuerunt</span> <span class='ocrx_word' id='word_1_291' title='bbox 631 3701 642 3731; x_wconf 86' lang='lat'>,</span> <span class='ocrx_word' id='word_1_292' title='bbox 668 3640 720 3713; x_wconf 90' lang='lat' dir='ltr'>seu</span> <span class='ocrx_word' id='word_1_293' title='bbox 742 3647 877 3713; x_wconf 81' lang='lat' dir='ltr'>exterior</span> <span class='ocrx_word' id='word_1_294' title='bbox 898 3640 990 3736; x_wconf 84' lang='lat' dir='ltr'>hujus</span> <span class='ocrx_word' id='word_1_295' title='bbox 1009 3650 1074 3714; x_wconf 83' lang='lat' dir='ltr'>avis</span> <span class='ocrx_word' id='word_1_296' title='bbox 1088 3643 1195 3714; x_wconf 89' lang='lat' dir='ltr'>forma</span> <span class='ocrx_word' id='word_1_297' title='bbox 1220 3700 1231 3730; x_wconf 92' lang='lat'>,</span> <span class='ocrx_word' id='word_1_298' title='bbox 1261 3640 1314 3713; x_wconf 90' lang='lat' dir='ltr'>seu</span> <span class='ocrx_word' id='word_1_299' title='bbox 1337 3646 1528 3716; x_wconf 89' lang='lat' dir='ltr'>interiorum</span> 
     </span>
     <span class='ocr_line' id='line_1_32' title="bbox 179 3732 1527 3844; baseline -0.005 -27"><span class='ocrx_word' id='word_1_300' title='bbox 179 3750 316 3844; x_wconf 88' lang='lat' dir='ltr'>partium</span> <span class='ocrx_word' id='word_1_301' title='bbox 336 3743 490 3812; x_wconf 71' lang='lat' dir='ltr'>structura</span> <span class='ocrx_word' id='word_1_302' title='bbox 504 3740 705 3840; x_wconf 75' lang='lat' dir='ltr'>spedlaretur.</span> <span class='ocrx_word' id='word_1_303' title='bbox 730 3743 821 3810; x_wconf 90' lang='lat' dir='ltr'>Nam</span> <span class='ocrx_word' id='word_1_304' title='bbox 837 3758 873 3805; x_wconf 90' lang='lat' dir='ltr'>ut</span> <span class='ocrx_word' id='word_1_305' title='bbox 891 3736 952 3807; x_wconf 87' lang='lat' dir='ltr'>alia</span> <span class='ocrx_word' id='word_1_306' title='bbox 967 3743 1154 3810; x_wconf 86' lang='lat' dir='ltr'>omittamus</span> <span class='ocrx_word' id='word_1_307' title='bbox 1198 3762 1243 3808; x_wconf 84' lang='lat' dir='ltr'>uae</span> <span class='ocrx_word' id='word_1_308' title='bbox 1266 3735 1337 3808; x_wconf 88' lang='lat' dir='ltr'>satis</span> <span class='ocrx_word' id='word_1_309' title='bbox 1349 3759 1426 3808; x_wconf 91' lang='lat' dir='ltr'>nota</span> <span class='ocrx_word' id='word_1_310' title='bbox 1444 3732 1527 3820; x_wconf 86' lang='lat' dir='ltr'>sunt,</span> 
     </span>
     <span class='ocr_line' id='line_1_33' title="bbox 181 3833 1528 3937; baseline -0.001 -27"><span class='ocrx_word' id='word_1_311' title='bbox 181 3839 358 3937; x_wconf 84' lang='lat' dir='ltr'>oblongum</span> <span class='ocrx_word' id='word_1_312' title='bbox 384 3835 505 3907; x_wconf 89' lang='lat' dir='ltr'>collum</span> <span class='ocrx_word' id='word_1_313' title='bbox 519 3837 608 3932; x_wconf 90' lang='lat' dir='ltr'>quod</span> <span class='ocrx_word' id='word_1_314' title='bbox 621 3834 766 3933; x_wconf 85' lang='lat' dir='ltr'>gracilius</span> <span class='ocrx_word' id='word_1_315' title='bbox 783 3833 934 3919; x_wconf 88' lang='lat' dir='ltr'>videtur,</span> <span class='ocrx_word' id='word_1_316' title='bbox 955 3839 1031 3931; x_wconf 87' lang='lat' dir='ltr'>quia</span> <span class='ocrx_word' id='word_1_317' title='bbox 1044 3833 1159 3933; x_wconf 84' lang='lat' dir='ltr'>plumis</span> <span class='ocrx_word' id='word_1_318' title='bbox 1217 3835 1384 3917; x_wconf 87' lang='lat' dir='ltr'>stituitur,</span> <span class='ocrx_word' id='word_1_319' title='bbox 1418 3837 1465 3904; x_wconf 88' lang='lat' dir='ltr'>uti</span> <span class='ocrx_word' id='word_1_320' title='bbox 1492 3843 1528 3909; x_wconf 81' lang='lat' dir='ltr'>dc</span> 
     </span>
     <span class='ocr_line' id='line_1_34' title="bbox 180 3924 1609 4032; baseline 0 -28"><span class='ocrx_word' id='word_1_321' title='bbox 180 3957 302 4032; x_wconf 89' lang='lat' dir='ltr'>caput,</span> <span class='ocrx_word' id='word_1_322' title='bbox 323 3932 435 4002; x_wconf 84' lang='lat' dir='ltr'>oculos</span> <span class='ocrx_word' id='word_1_323' title='bbox 455 3932 601 4002; x_wconf 86' lang='lat' dir='ltr'>humanis</span> <span class='ocrx_word' id='word_1_324' title='bbox 614 3955 680 3999; x_wconf 91' lang='lat' dir='ltr'>uon</span> <span class='ocrx_word' id='word_1_325' title='bbox 693 3927 850 3999; x_wconf 83' lang='lat' dir='ltr'>absimiles</span> <span class='ocrx_word' id='word_1_326' title='bbox 867 3927 998 4000; x_wconf 84' lang='lat' dir='ltr'>ovalisfi</span> <span class='ocrx_word' id='word_1_327' title='bbox 1024 3953 1085 3999; x_wconf 87' lang='lat' dir='ltr'>urae</span> <span class='ocrx_word' id='word_1_328' title='bbox 1100 3987 1111 4018; x_wconf 89' lang='lat'>,</span> <span class='ocrx_word' id='word_1_329' title='bbox 1127 3929 1310 4029; x_wconf 89' lang='lat' dir='ltr'>palpebram</span> <span class='ocrx_word' id='word_1_330' title='bbox 1333 3924 1530 4026; x_wconf 79' lang='lat' dir='ltr'>superiorem</span> <span class='ocrx_word' id='word_1_331' title='bbox 1607 4023 1609 4026; x_wconf 9' lang='lat' dir='ltr'>y</span> 
     </span>
     <span class='ocr_line' id='line_1_35' title="bbox 178 3956 1529 4125; baseline -0.002 -26"><span class='ocrx_word' id='word_1_332' title='bbox 178 4029 291 4125; x_wconf 80' lang='lat' dir='ltr'>longis</span> <span class='ocrx_word' id='word_1_333' title='bbox 312 4027 388 4097; x_wconf 83' lang='lat' dir='ltr'>ciliis</span> <span class='ocrx_word' id='word_1_334' title='bbox 413 4033 571 4097; x_wconf 93' lang='lat' dir='ltr'>munitam</span> <span class='ocrx_word' id='word_1_335' title='bbox 592 4082 601 4111; x_wconf 92' lang='lat'>,</span> <span class='ocrx_word' id='word_1_336' title='bbox 622 4049 693 4119; x_wconf 85' lang='lat' dir='ltr'>quae</span> <span class='ocrx_word' id='word_1_337' title='bbox 718 4022 836 4093; x_wconf 92' lang='lat' dir='ltr'>sursum</span> <span class='ocrx_word' id='word_1_338' title='bbox 858 4033 892 4096; x_wconf 88' lang='lat'>&amp;</span> <span class='ocrx_word' id='word_1_339' title='bbox 918 3956 1065 4095; x_wconf 56' lang='lat' dir='ltr'>deorsum</span> <span class='ocrx_word' id='word_1_340' title='bbox 1090 4051 1264 4114; x_wconf 86' lang='lat' dir='ltr'>movetur,</span> <span class='ocrx_word' id='word_1_341' title='bbox 1286 4029 1413 4095; x_wconf 90' lang='lat' dir='ltr'>tertiam</span> <span class='ocrx_word' id='word_1_342' title='bbox 1440 4025 1529 4096; x_wconf 90' lang='lat' dir='ltr'>oculi</span> 
     </span>
     <span class='ocr_line' id='line_1_36' title="bbox 175 4118 1528 4223; baseline -0.001 -29"><span class='ocrx_word' id='word_1_343' title='bbox 175 4119 367 4223; x_wconf 86' lang='lat' dir='ltr'>palpebram</span> <span class='ocrx_word' id='word_1_344' title='bbox 381 4121 434 4192; x_wconf 90' lang='lat' dir='ltr'>seu</span> <span class='ocrx_word' id='word_1_345' title='bbox 447 4146 575 4193; x_wconf 89' lang='lat' dir='ltr'>tenuem</span> <span class='ocrx_word' id='word_1_346' title='bbox 592 4118 846 4190; x_wconf 85' lang='lat' dir='ltr'>membranulam</span> <span class='ocrx_word' id='word_1_347' title='bbox 861 4125 894 4189; x_wconf 95' lang='lat' dir='ltr'>in</span> <span class='ocrx_word' id='word_1_348' title='bbox 908 4124 1023 4212; x_wconf 84' lang='lat' dir='ltr'>majori</span> <span class='ocrx_word' id='word_1_349' title='bbox 1044 4120 1128 4190; x_wconf 90' lang='lat' dir='ltr'>oculi</span> <span class='ocrx_word' id='word_1_350' title='bbox 1141 4121 1260 4218; x_wconf 90' lang='lat' dir='ltr'>angulo</span> <span class='ocrx_word' id='word_1_351' title='bbox 1272 4120 1376 4191; x_wconf 86' lang='lat' dir='ltr'>versus</span> <span class='ocrx_word' id='word_1_352' title='bbox 1392 4119 1528 4193; x_wconf 86' lang='lat' dir='ltr'>rostrum</span> 
     </span>
     <span class='ocr_line' id='line_1_37' title="bbox 176 4211 1529 4314; baseline -0.004 -24"><span class='ocrx_word' id='word_1_353' title='bbox 176 4219 355 4290; x_wconf 85' lang='lat' dir='ltr'>conditam.</span> <span class='ocrx_word' id='word_1_354' title='bbox 390 4223 516 4314; x_wconf 88' lang='lat' dir='ltr'>Lingua</span> <span class='ocrx_word' id='word_1_355' title='bbox 526 4241 593 4289; x_wconf 91' lang='lat' dir='ltr'>erat</span> <span class='ocrx_word' id='word_1_356' title='bbox 607 4218 687 4314; x_wconf 70' lang='lat' dir='ltr'>pene</span> <span class='ocrx_word' id='word_1_357' title='bbox 702 4236 737 4283; x_wconf 92' lang='lat' dir='ltr'>ut</span> <span class='ocrx_word' id='word_1_358' title='bbox 751 4219 782 4282; x_wconf 91' lang='lat' dir='ltr'>in</span> <span class='ocrx_word' id='word_1_359' title='bbox 798 4211 935 4311; x_wconf 90' lang='lat' dir='ltr'>piscibus</span> <span class='ocrx_word' id='word_1_360' title='bbox 949 4213 1057 4310; x_wconf 85' lang='lat' dir='ltr'>palato</span> <span class='ocrx_word' id='word_1_361' title='bbox 1069 4238 1109 4312; x_wconf 84' lang='lat' dir='ltr'>ag</span> <span class='ocrx_word' id='word_1_362' title='bbox 1133 4213 1264 4287; x_wconf 87' lang='lat' dir='ltr'>lutinata</span> <span class='ocrx_word' id='word_1_363' title='bbox 1286 4249 1296 4305; x_wconf 81' lang='lat'>3</span> <span class='ocrx_word' id='word_1_364' title='bbox 1320 4238 1374 4311; x_wconf 84' lang='lat' dir='ltr'>pes</span> <span class='ocrx_word' id='word_1_365' title='bbox 1391 4217 1424 4281; x_wconf 92' lang='lat' dir='ltr'>in</span> <span class='ocrx_word' id='word_1_366' title='bbox 1447 4214 1529 4285; x_wconf 81' lang='lat' dir='ltr'>duos</span> 
     </span>
     <span class='ocr_line' id='line_1_38' title="bbox 174 4240 1529 4411; baseline -0.005 -28"><span class='ocrx_word' id='word_1_367' title='bbox 174 4318 293 4411; x_wconf 82' lang='lat' dir='ltr'>digitos</span> <span class='ocrx_word' id='word_1_368' title='bbox 317 4309 422 4383; x_wconf 87' lang='lat' dir='ltr'>scillus</span> <span class='ocrx_word' id='word_1_369' title='bbox 444 4318 533 4382; x_wconf 93' lang='lat' dir='ltr'>utin</span> <span class='ocrx_word' id='word_1_370' title='bbox 560 4310 684 4383; x_wconf 86' lang='lat' dir='ltr'>camelo</span> <span class='ocrx_word' id='word_1_371' title='bbox 703 4344 712 4397; x_wconf 82' lang='lat'>3</span> <span class='ocrx_word' id='word_1_372' title='bbox 738 4314 922 4381; x_wconf 88' lang='lat' dir='ltr'>interior&amp;</span> <span class='ocrx_word' id='word_1_373' title='bbox 943 4318 1047 4398; x_wconf 82' lang='lat' dir='ltr'>major</span> <span class='ocrx_word' id='word_1_374' title='bbox 1061 4240 1174 4407; x_wconf 59' lang='lat' dir='ltr'>perlem</span> <span class='ocrx_word' id='word_1_375' title='bbox 1193 4310 1332 4380; x_wconf 83' lang='lat' dir='ltr'>hominis</span> <span class='ocrx_word' id='word_1_376' title='bbox 1353 4306 1529 4393; x_wconf 84' lang='lat' dir='ltr'>calceatum</span> 
     </span>
     <span class='ocr_line' id='line_1_39' title="bbox 145 4401 1530 4505; baseline -0.006 -23"><span class='ocrx_word' id='word_1_377' title='bbox 145 4401 148 4416; x_wconf 78' lang='grc'><strong>’</strong></span> <span class='ocrx_word' id='word_1_378' title='bbox 175 4408 346 4482; x_wconf 83' lang='lat' dir='ltr'>referebat.</span> <span class='ocrx_word' id='word_1_379' title='bbox 379 4410 479 4485; x_wconf 88' lang='lat' dir='ltr'>Unde</span> <span class='ocrx_word' id='word_1_380' title='bbox 504 4409 525 4478; x_wconf 77' lang='grc' dir='ltr'>ὲ</span> <span class='ocrx_word' id='word_1_381' title='bbox 545 4405 706 4479; x_wconf 85' lang='lat' dir='ltr'>nonnullis</span> <span class='ocrx_word' id='word_1_382' title='bbox 729 4402 1017 4475; x_wconf 84' lang='lat' dir='ltr'>struthio-camelus</span> <span class='ocrx_word' id='word_1_383' title='bbox 1039 4402 1216 4501; x_wconf 87' lang='lat' dir='ltr'>appellatur</span> <span class='ocrx_word' id='word_1_384' title='bbox 1241 4439 1250 4493; x_wconf 80' lang='lat'>3</span> <span class='ocrx_word' id='word_1_385' title='bbox 1273 4408 1469 4505; x_wconf 89' lang='lat' dir='ltr'>quinetiam</span> <span class='ocrx_word' id='word_1_386' title='bbox 1494 4407 1530 4473; x_wconf 90' lang='lat' dir='ltr'>in</span> 
     </span>
     <span class='ocr_line' id='line_1_40' title="bbox 178 4496 1595 4604; baseline -0.007 -29"><span class='ocrx_word' id='word_1_387' title='bbox 178 4528 266 4604; x_wconf 86' lang='lat' dir='ltr'>parte</span> <span class='ocrx_word' id='word_1_388' title='bbox 280 4505 377 4575; x_wconf 80' lang='lat' dir='ltr'>sterni</span> <span class='ocrx_word' id='word_1_389' title='bbox 388 4501 497 4575; x_wconf 88' lang='lat' dir='ltr'>infima</span> <span class='ocrx_word' id='word_1_390' title='bbox 510 4499 625 4575; x_wconf 87' lang='lat' dir='ltr'>callosa</span> <span class='ocrx_word' id='word_1_391' title='bbox 679 4525 708 4570; x_wconf 79' lang='lat' dir='ltr'>rs</span> <span class='ocrx_word' id='word_1_392' title='bbox 717 4499 900 4588; x_wconf 84' lang='lat' dir='ltr'>eminebat,</span> <span class='ocrx_word' id='word_1_393' title='bbox 916 4506 1060 4593; x_wconf 88' lang='lat' dir='ltr'>inquam</span> <span class='ocrx_word' id='word_1_394' title='bbox 1076 4502 1189 4570; x_wconf 89' lang='lat' dir='ltr'>cameli</span> <span class='ocrx_word' id='word_1_395' title='bbox 1208 4503 1302 4571; x_wconf 91' lang='lat' dir='ltr'>instar</span> <span class='ocrx_word' id='word_1_396' title='bbox 1314 4496 1482 4569; x_wconf 88' lang='lat' dir='ltr'>recumbit.</span> <span class='ocrx_word' id='word_1_397' title='bbox 1593 4556 1595 4559; x_wconf 90' lang='lat'><em>.</em></span> 
     </span>
     <span class='ocr_line' id='line_1_41' title="bbox 224 4527 1533 4694; baseline -0.008 -21"><span class='ocrx_word' id='word_1_398' title='bbox 224 4604 284 4673; x_wconf 88' lang='lat'>11.</span> <span class='ocrx_word' id='word_1_399' title='bbox 320 4603 385 4671; x_wconf 87' lang='lat' dir='ltr'>His</span> <span class='ocrx_word' id='word_1_400' title='bbox 400 4604 533 4694; x_wconf 86' lang='lat' dir='ltr'>inquam</span> <span class='ocrx_word' id='word_1_401' title='bbox 560 4527 679 4668; x_wconf 62' lang='lat' dir='ltr'>emisse</span> <span class='ocrx_word' id='word_1_402' title='bbox 728 4595 888 4667; x_wconf 85' lang='lat' dir='ltr'>lumarum</span> <span class='ocrx_word' id='word_1_403' title='bbox 914 4594 1029 4693; x_wconf 82' lang='lat' dir='ltr'>species</span> <span class='ocrx_word' id='word_1_404' title='bbox 1054 4600 1245 4666; x_wconf 86' lang='lat' dir='ltr'>accuratiori</span> <span class='ocrx_word' id='word_1_405' title='bbox 1268 4598 1412 4664; x_wconf 89' lang='lat' dir='ltr'>examine</span> <span class='ocrx_word' id='word_1_406' title='bbox 1435 4593 1533 4690; x_wconf 84' lang='lat' dir='ltr'>digna</span> 
     </span>
     <span class='ocr_line' id='line_1_42' title="bbox 179 4622 1531 4788; baseline -0.007 -23"><span class='ocrx_word' id='word_1_407' title='bbox 179 4694 330 4767; x_wconf 86' lang='lat' dir='ltr'>omnibus</span> <span class='ocrx_word' id='word_1_408' title='bbox 353 4692 418 4767; x_wconf 87' lang='lat' dir='ltr'>visa</span> <span class='ocrx_word' id='word_1_409' title='bbox 438 4693 494 4766; x_wconf 86' lang='lat' dir='ltr'>est.</span> <span class='ocrx_word' id='word_1_410' title='bbox 521 4699 649 4765; x_wconf 84' lang='lat' dir='ltr'>Harum</span> <span class='ocrx_word' id='word_1_411' title='bbox 662 4622 772 4762; x_wconf 69' lang='lat' dir='ltr'>talem</span> <span class='ocrx_word' id='word_1_412' title='bbox 788 4714 855 4762; x_wconf 85' lang='lat' dir='ltr'>erat</span> <span class='ocrx_word' id='word_1_413' title='bbox 869 4715 942 4763; x_wconf 92' lang='lat' dir='ltr'>toto</span> <span class='ocrx_word' id='word_1_414' title='bbox 962 4713 1099 4788; x_wconf 87' lang='lat' dir='ltr'>corpore</span> <span class='ocrx_word' id='word_1_415' title='bbox 1120 4693 1296 4773; x_wconf 79' lang='lat' dir='ltr'>strudiura,</span> <span class='ocrx_word' id='word_1_416' title='bbox 1316 4711 1386 4781; x_wconf 84' lang='lat' dir='ltr'>qua:</span> <span class='ocrx_word' id='word_1_417' title='bbox 1413 4691 1531 4785; x_wconf 86' lang='lat' dir='ltr'>partim</span> 
     </span>
    </p>
   </div>
   <div class='ocr_carea' id='block_1_5' title="bbox 179 4783 1534 4978">
    <p class='ocr_par' dir='ltr' id='par_1_7' title="bbox 179 4783 1534 4978">
     <span class='ocr_line' id='line_1_43' title="bbox 179 4783 1534 4954; baseline -0.004 -91"><span class='ocrx_word' id='word_1_418' title='bbox 179 4791 341 4882; x_wconf 79' lang='lat' dir='ltr'>eandidae,</span> <span class='ocrx_word' id='word_1_419' title='bbox 355 4795 474 4890; x_wconf 91' lang='lat' dir='ltr'>partim</span> <span class='ocrx_word' id='word_1_420' title='bbox 496 4794 594 4891; x_wconf 81' lang='lat' dir='ltr'>nigrae</span> <span class='ocrx_word' id='word_1_421' title='bbox 614 4810 730 4878; x_wconf 86' lang='lat' dir='ltr'>erant,</span> <span class='ocrx_word' id='word_1_422' title='bbox 752 4787 878 4861; x_wconf 84' lang='lat' dir='ltr'>alternis</span> <span class='ocrx_word' id='word_1_423' title='bbox 899 4786 967 4893; x_wconf 70' lang='lat' dir='ltr'>sere</span> <span class='ocrx_word' id='word_1_424' title='bbox 988 4783 1151 4858; x_wconf 85' lang='lat' dir='ltr'>ordinibus</span> <span class='ocrx_word' id='word_1_425' title='bbox 1167 4786 1329 4954; x_wconf 63' lang='lat' dir='ltr'>distindllcq</span> <span class='ocrx_word' id='word_1_426' title='bbox 1343 4786 1406 4893; x_wconf 60' lang='lat' dir='ltr'>‘ln</span> <span class='ocrx_word' id='word_1_427' title='bbox 1427 4805 1534 4870; x_wconf 49' lang='lat' dir='ltr'>entre·⁴</span> 
     </span>
     <span class='ocr_line' id='line_1_44' title="bbox 1354 4902 1389 4978; baseline 0.143 -30"><span class='ocrx_word' id='word_1_428' title='bbox 1354 4902 1389 4978; x_wconf 69' lang='lat' dir='ltr'>up</span> 
     </span>
    </p>
   </div>
   <div class='ocr_carea' id='block_1_6' title="bbox 0 0 1835 5430">
    <p class='ocr_par' dir='ltr' id='par_1_8' title="bbox 0 0 1835 5430">
     <span class='ocr_line' id='line_1_45' title="bbox 0 0 1835 5430; baseline 0 0"><span class='ocrx_word' id='word_1_429' title='bbox 0 0 1835 5430; x_wconf 95' lang='lat' dir='ltr'> </span> 
     </span>
    </p>
   </div>
  </div>
 </body>
</html>
