3646 5430
385 368 733 446 ‘ACADEMIAE
779 370 1190 448 Hieromus.
1217 378 1258 450 V·
1467 381 1479 432 2‘
1533 392 1536 397 '

171 457 337 534 fibrium
354 489 364 536 ε
383 464 437 539 sed
462 468 556 567 plura
575 497 642 542 non
663 472 782 558 addit,
811 495 887 541 cum
917 492 1025 541 turrim
1050 464 1209 563 ejusmodi
1237 462 1407 571 telescopit
1439 398 1538 576 1οιἧέ
1568 505 1570 508 ·
1634 455 1648 522 .'

171 557 242 630 {int
266 561 394 633 utiliora
420 591 518 663 quam
541 567 619 636 illud
647 592 715 665 quo
738 561 861 666 semper
891 570 990 639 uritur
1015 565 1034 637 d
1059 564 1185 638 duobus
1207 569 1295 638 vitris
1325 565 1534 658 conflatum,
1631 572 1635 579 “

172 680 329 727 convexo
347 683 446 749 uno,
478 688 561 733 cavo
580 662 683 735 altero
709 690 719 734 r
742 664 824 733 adeo
843 683 879 733 ur
901 687 969 734 non
993 662 1081 733 aliud
1101 662 1255 757 quiddam
1279 661 1337 761 ipfi
1366 645 1536 765 cognitum

172 749 279 827 fixerit
300 752 402 852 qudm
424 759 489 829 boc
513 754 615 857 ipsum
639 761 729 857 quod
755 760 950 859 experientis
976 781 1174 854 acceperet,
1200 780 1256 856 pet
1273 758 1537 857 mictoscopium

169 851 214 918 in
243 851 334 923 rebus
360 849 494 948 objectis
516 853 614 925 oculo
639 861 801 952 proximis.
851 855 1018 950 Siquidem
1040 877 1105 950 qut
1134 854 1209 947 anpd
1230 851 1380 952 disposuit
1404 861 1465 929 tria
1489 861 1535 928 vi·

170 964 231 1016 tra
251 970 393 1018 convexa
407 1007 417 1037 ‚
432 951 472 1020 ad
492 951 557 1021 duo
571 955 700 1023 taudem
718 973 848 1024 reuocat
867 946 984 1045 quibus
1003 973 1052 1020 ret
1071 948 1205 1041 objeuae
1229 952 1264 1019 in
1292 949 1442 1025 cubiculo
1471 948 1535 1023 ob·

170 1035 273 1111 (curo
289 1043 509 1131 exhibentur,
531 1049 645 1116 autad
668 1054 801 1119 unicum
826 1104 837 1133 ,
861 1069 917 1142 per
939 1047 1029 1142 quod
1043 1070 1090 1117 res
1114 1041 1241 1139 objcsla
1264 1053 1416 1122 cernitur.
1462 1051 1536 1120 Ne-

174 1161 247 1235 que
262 1163 409 1234 expertus
428 1142 552 1213 viderur
572 1139 779 1241 telescopium
803 1141 928 1214 duobus
954 1145 1043 1212 vitris
1063 1148 1215 1212 convexis
1234 1145 1422 1215 instrustum
1446 1179 1456 1234 3
1479 1165 1535 1216 aur

165 1234 266 1306 ³oerre
281 1241 363 1305 vitra
376 1261 443 1306 uon
458 1243 502 1308 ira
520 1235 573 1306 dis
588 1233 690 1324 osuit,
704 1264 739 1310 ut
751 1243 836 1311 idem
857 1239 1067 1309 commodum
1085 1236 1161 1308 binc
1176 1244 1371 1337 perciperet,
1395 1238 1484 1334 quod
1496 1262 1535 1310 ex

174 1327 314 1425 vulgato
331 1327 385 1402 stul
397 1355 488 1404 aerate
501 1264 687 1432 relescopio.
723 1340 812 1408 Nam
824 1333 846 1404 st
857 1333 922 1403 duo
932 1338 1015 1403 vitra
1030 1357 1171 1403 convexa
1185 1327 1227 1403 sic
1237 1335 1381 1433 aprallet‚
1393 1338 1439 1406 uti
1449 1358 1535 1404 nunc

175 1418 391 1522 disponuntur
407 1485 418 1514 ,
433 1452 561 1501 rantum
575 1454 613 1500 ex
625 1454 667 1499 eo
682 1428 857 1530 telestopio
872 1427 1016 1501 utilitatis
1032 1425 1206 1519 habuisset,
1220 1453 1256 1502 ur
1267 1439 1334 1526 ejus
1345 1430 1537 1529 descriptio·⁴

173 1541 256 1591 nem
276 1521 411 1594 &usum
430 1550 573 1620 unquam
592 1524 752 1606 omisisset.

239 1623 284 1688 Ex
306 1620 421 1714 quibus
448 1626 494 1694 D.
513 1623 552 1691 de
572 1622 602 1695 la
624 1626 707 1692 Hire
728 1622 803 1692 colli
828 1626 852 1693 it
875 1624 959 1693 hant
981 1620 1143 1718 utriusque
1166 1625 1242 1693 vitri
1271 1624 1537 1714 connexionem,

176 1713 290 1806 qualis
306 1714 445 1789 adbiberi
467 1715 588 1788 solebat
610 1721 685 1789 autd
713 1723 749 1790 Ρ.
775 1649 893 1791 Rbeita
916 1718 1049 1791 Ordinis
1070 1719 1313 1815 Capucinotum
1334 1724 1456 1790 nemini
1473 1746 1534 1791 to·

173 1813 307 1903 gnitam
327 1809 426 1887 luille.
464 1819 562 1885 Hanc
575 1813 721 1885 describit
746 1819 778 1883 in
801 1813 934 1898 libello,
955 1818 1006 1882 cui
1030 1812 1138 1883 titulus
1153 1814 1222 1899 est,
1242 1813 1348 1879 oculus
1370 1813 1473 1903 Elio,
1490 1816 1531 1888 Θ·

176 1902 303 1973 Enoch.
348 1906 383 1977 ld
415 1911 544 2005 quidem
566 1909 629 1980 hoc
655 1907 850 2007 probabilius
870 1905 1008 1980 efficitur
1030 1964 1041 1995 ,
1067 1910 1156 2004 qutid
1178 1913 1224 1984 D.
1245 1904 1411 1996 Descarres
1433 1966 1445 1998 ,
1477 1915 1534 2006 qui

175 2000 277 2093 paulo
296 2006 372 2074 ante
391 2012 427 2079 P.
439 2003 558 2078 Rheita
572 2004 657 2076 suam
672 2008 865 2102 dioptricam
880 2001 1025 2102 scripfit,
1050 2001 1171 2075 nullom
1195 2003 1295 2077 satiat
1314 2012 1380 2098 ejus
1402 2005 1473 2078 tubi
1494 2032 1533 2081 ex

176 2098 269 2166 vitris
283 2107 433 2171 convexis
450 2099 579 2173 conflari
606 2105 803 2173 mentionem
827 2158 838 2186 ,
858 2127 932 2191 curn
959 2097 1086 2170 alterius
1111 2099 1180 2172 tubi
1196 2098 1442 2197 descriptionem
1465 2129 1534 2176 non

176 2187 334 2265 omiserit.
359 2197 440 2266 lllud
457 2205 557 2292 magis
576 2197 756 2267 mirandum
776 2197 820 2266 est
839 2198 902 2266 hoe
916 2194 962 2264 illi
984 2201 1016 2265 in
1039 2218 1180 2265 mentem
1203 2222 1270 2266 non
1292 2194 1408 2267 venille
1429 2223 1464 2269 ur
1482 2220 1534 2270 re·
1601 2231 1612 2247 ·
1633 2233 1637 2243 ¹

178 2281 353 2384 lescopium
378 2295 499 2364 dvittis
527 2298 676 2365 convexis
692 2314 840 2390 pataret,
861 2292 916 2362 ubi
931 2295 1089 2362 vitrorum
1102 2288 1363 2388 dispositionem,
1384 2300 1418 2365 dt
1438 2319 1532 2366 com·

175 2375 380 2457 binatiouem
400 2388 559 2484 expendit.

226 2479 277 2543 ll
333 2488 396 2554 Die
420 2511 455 2569 ¹7
479 2487 614 2570 Augusti
639 2487 685 2559 D.
708 2484 791 2556 dela
809 2489 893 2556 Hire
911 2480 1157 2552 dillerrarionem
1187 2483 1233 2554 D.
1253 2482 1292 2551 de
1312 2480 1535 2557 Haurefeiiille

178 2574 362 2648 Academiae
381 2580 518 2649 dicatam
533 2568 619 2676 'legit
640 2637 650 2666 ,
671 2587 704 2652 iu
726 2584 790 2679 qud
806 2576 1011 2672 ¹rationerud
1039 2572 1070 2646 se
1089 2580 1303 2674 excogitatum
1326 2580 1535 2650 contrahendi

176 2667 350 2767 telescopia
369 2677 464 2745 tradit
490 2680 599 2771 :quid
624 2680 661 2748 ee
682 2679 720 2748 de
747 2704 781 2748 re
807 2673 960 2747 censuerit
986 2672 1328 2761 Academia,inAdlis
1352 2697 1419 2744 non
1441 2678 1534 2744 iure-

175 2768 250 2838 trio.
286 2773 454 2861 Quintum
478 2774 670 2862 conje&uris
693 2772 813 2867 assequi
841 2769 998 2869 pullum,
1031 2771 1230 2870 ingeniosum
1260 2768 1304 2837 est
1331 2771 1531 2839 inventumt

175 2882 258 2929 curn
283 2886 390 2934 aurern
415 2872 596 2937 executioni
617 2872 803 2940 mandorum
827 2891 893 2936 nou
924 2865 1054 2949 fuerit,
1083 2866 1119 2932 in
1146 2889 1187 2934 eo
1217 2863 1340 2955 aliquid
1369 2861 1535 2937 desiderari

177 2956 261 3048 justa
283 2960 327 3027 est
354 2959 499 3056 suspicio.
544 2970 638 3035 Vitta
655 2969 817 3060 utrimque
835 2985 976 3031 couuexa
1001 2963 1066 3031 duo
1082 2981 1138 3029 aur
1158 2965 1218 3032 tria
1245 2957 1303 3028 sibi
1325 2955 1460 3028 finitima
1491 2959 1534 3032 stc

172 3046 319 3148 disponit
344 3078 377 3126 ut
399 3061 518 3128 vitrum
540 3082 656 3130 cavum
679 3064 773 3157 primi
796 3058 948 3150 obiediivi
976 3055 1055 3128 foco
1092 3077 1217 3156 aptetur
1240 3111 1250 3141 ,
1281 3077 1336 3126 aut
1363 3052 1460 3151 paulo
1483 3054 1534 3127 su.

178 3154 243 3242 prii
266 3148 377 3223 sotum
398 3211 408 3240 ,
433 3179 470 3222 ac
499 3157 628 3243 demum
653 3154 781 3226 oculare
812 3160 932 3225 vitrum
957 3152 1254 3247 idquecouxexum
1279 3151 1383 3221 radius
1411 3147 1546 3244 restat--

176 3261 233 3312 tos
263 3252 412 3343 excipiat.
454 3253 577 3320 nudior
602 3249 666 3347 ipse
689 3246 921 3347 ingeniosus&
945 3249 1059 3318 dusius
1085 3272 1151 3316 non
1173 3244 1344 3317 diffimular
1371 3266 1422 3315 rot
1445 3250 1535 3321 vitris

176 3339 355 3433 iuterieslis
381 3371 532 3442 maguam
557 3349 719 3417 radiorum
746 3370 869 3440 partem
902 3341 1054 3414 reflecti:
1085 3343 1135 3411 cu'i
1161 3339 1342 3412 difficultati
1367 3335 1536 3435 respondet

176 3427 337 3506 hocloco
355 3463 479 3511 tanturn
491 3450 541 3536 agi
556 3464 663 3509 utrum
677 3466 714 3509 ex
730 3438 910 3536 hypothesi,
923 3439 1012 3529 quod
1024 3436 1111 3507 nulla
1127 3447 1182 3505 'aru
1195 3460 1292 3531 parva
1305 3432 1379 3504 elset
1394 3431 1536 3524 reflexio,

179 3530 262 3601 radii
275 3534 307 3601 in
321 3535 406 3604 idem
423 3539 577 3633 punslum
590 3561 680 3632 aeque
692 3542 840 3620 coirent,
864 3559 902 3621 pc
921 3529 942 3600 st
963 3555 1062 3601 unum
1078 3530 1305 3601 tantummodo
1325 3527 1399 3600 essct
1413 3534 1533 3603 vitrum

176 3624 402 3719 objecturum,
420 3639 510 3726 cujus
525 3631 616 3700 focus
629 3629 702 3701 ellet
714 3644 784 3701 600
801 3630 928 3724 pedum.

233 3727 323 3819 Saepe
342 3723 420 3796 illud
440 3732 546 3796 evenit
561 3733 595 3796 in
615 3731 652 3797 iis
675 3751 745 3820 quae
773 3728 890 3820 partim
912 3722 982 3794 sunt
1001 3721 1228 3808 Geomerrica‚
1249 3723 1366 3816 partim
1389 3716 1535 3817 Physica,

179 3839 220 3890 ut
239 3824 340 3914 praxis
365 3818 430 3918 ipss
454 3882 463 3908 ,
490 3846 525 3894 ut
554 3823 644 3917 loqui
674 3819 811 3892 solemus
834 3819 982 3890 Theoriae
1010 3822 1100 3888 ornui
1127 3839 1278 3917 exparte
1307 3840 1373 3885 nou
1406 3812 1536 3910 respon·

179 3915 257 3984 deat
269 3967 280 3999 ,
307 3917 399 4010 qubd
423 3917 522 3988 multa
543 3941 712 3989 occurrant
737 3921 769 3985 iu
794 3940 899 3985 rerum
916 3917 1027 3985 narurd
1045 3971 1056 4000 ,
1076 3937 1146 4008 quae
1167 3915 1283 3982 rationi
1303 3934 1357 3981 aut
1378 3911 1535 3984 industrie

182 4011 298 4082 nostrae
311 4037 376 4081 nou
389 4011 606 4109 obsequuntur
626 4040 636 4083 ε
659 4013 722 4082 hot
737 4017 849 4104 urique
862 4014 895 4080 in
912 4008 1141 4080 machinarrice
1156 4005 1306 4102 frequens
1318 4007 1374 4080 est.

234 4110 316 4180 111.
357 4114 475 4205 Neque
495 4108 578 4178 aliud
601 4105 782 4205 exemplum
805 4109 837 4173 iu
867 4104 1040 4174 horrerem
1071 4100 1185 4174 all'erre
1213 4101 1333 4174 necell'e
1365 4105 1410 4174 est
1433 4103 1536 4199 qudm

182 4202 262 4276 illud
288 4201 390 4299 ipsum
414 4207 501 4300 quod
525 4204 591 4275 boc
612 4228 698 4272 atino
718 4212 750 4271 &
772 4197 983 4295 superioribus
1006 4193 1242 4296 ingeniosorum
1263 4198 1432 4270 homiuum
1446 4224 1536 4267 exer.

183 4304 253 4372 cuir
269 4300 478 4386 industriam,
508 4299 656 4370 machina
677 4297 845 4381 videlicet,
871 4305 958 4390 cujus
978 4320 1040 4394 ope
1065 4298 1228 4390 navigium
1252 4292 1384 4365 adverso
1405 4291 1538 4363 flumine

182 4418 429 4494 promoveatur.
446 4401 551 4487 Hujus
561 4400 684 4489 generis
696 4392 844 4480 machintg
854 4390 1096 4489 descriptionem
1108 4385 1231 4462 D.dela
1247 4393 1328 4460 Hire
1339 4391 1391 4459 die
1401 4402 1435 4458 16
1448 4395 1540 4457 Mar-

183 4495 224 4564 tii
244 4489 419 4585 proposuit.
453 4500 511 4561 Vir
534 4490 651 4560 nobilis
675 4490 817 4585 diploma
836 4492 975 4584 Regium
1003 4492 1036 4555 in
1059 4485 1143 4555 banc
1169 4509 1236 4554 reru
1259 4487 1303 4555 est
1326 4481 1539 4571 consecutus,

184 4587 224 4657 ed
243 4590 372 4679 quirem
394 4587 579 4656 conditione
604 4609 638 4654 ut
665 4606 781 4678 typum
807 4577 866 4651 suae
896 4581 1049 4652 machiuae
1070 4580 1250 4651 Academiae
1273 4581 1432 4664 traderet,
1453 4577 1542 4673 quod
1631 4658 1635 4665 ,

183 4684 237 4754 die
259 4709 286 4775 4
309 4681 503 4781 Septembris
518 4682 670 4781 ptaellirit.
699 4683 805 4773 Hujus
819 4675 974 4749 mathiuae
987 4677 1175 4748 struslurem
1194 4682 1226 4747 δι
1235 4669 1471 4843 ὃῇιιηῃΐειιριο
1483 4694 1542 4744 rra·

1274 4795 1317 4841 oo
1340 4795 1373 4864 up
1518 4801 1521 4809 ·
