3646 5430
282 361 615 435 ACADEMIAE
672 362 1012 440 HISTORIA.
1054 363 1177 445 nur.
1368 394 1408 456 ιγ

56 485 154 540 mre
167 455 314 562 poliunt.
338 463 463 539 Manna
477 454 770 559 quippeestsaliurn
782 517 792 547 ‚
804 484 840 532 ut
852 459 1054 532 mineralium
1069 468 1215 541 varietas.
1244 468 1349 542 Salem
1359 472 1404 545 es.
1423 483 1532 571 Apu

55 559 80 635 se
101 566 251 659 primum
265 551 583 653 &simplicissimum
600 560 741 625 mixtum
765 554 911 654 plerique
931 553 1084 653 Chymici
1102 556 1306 641 arbitrantur.
1343 574 1409 643 Tor
1426 582 1533 647 mmor.

57 683 132 759 pene
145 664 180 726 in
193 675 287 726 tenae
299 655 430 749 gremio
443 647 511 720 sunt
524 672 638 746 genera
658 647 792 739 salium,
806 674 888 748 quot
899 656 1073 721 mixtorum
1091 685 1102 742 3
1117 677 1154 723 er
1177 663 1214 726 iis
1233 657 1309 732 siles
1324 670 1411 733 mir.

57 750 490 844 ndreandtemperatiina
515 747 588 816 tatis
602 744 787 816 matricibus
811 747 982 845 prodeunt.
1005 745 1108 818 Arida
1130 756 1162 820 ἃ
1182 746 1349 850 sulphurea
1362 783 1413 828 ar.

59 847 263 960 oubymica
277 848 311 911 in
322 837 401 956 sales
418 772 648 1005 “s‘’glunmlfst
667 841 750 953 adeo
771 865 808 912 ιιι
826 837 870 912 sal
890 843 1196 1009 vfirpearupzprirpum
1213 873 1327 958 eorum
1351 851 1413 926 effu
1546 882 1552 895 ·

60 931 885 1128 'illuuffiuillfqffqlffilu’limile
898 960 1083 1104 fidamus?
1092 963 1415 1141 insidiiis]
1497 1108 1504 1135 ,

60 1160 160 1233 quarn
169 1131 251 1203 sales
257 1123 311 1227 ipfi
324 1127 443 1225 quibus
451 1133 690 1225 impugnatur.
703 1128 765 1200 Sed
781 1129 984 1201 mineralium
996 1154 1068 1224 part
1079 1129 1168 1203 forte
1176 1140 1308 1207 minima
1323 1140 1417 1212 nobis

60 1255 142 1304 nora
159 1229 224 1315 est,
247 1227 293 1297 uri
313 1233 348 1296 oe
364 1219 477 1294 fabum
491 1226 548 1319 qui
570 1227 704 1295 interra
722 1220 907 1297 delitescunt
928 1280 939 1311 ‚
961 1230 1083 1322 quique
1107 1235 1236 1324 perraro
1253 1235 1286 1301 in
1304 1232 1415 1308 mallis

61 1320 269 1397 concrescunt
290 1341 353 1406 ,ut
370 1316 411 1390 sal
427 1341 564 1418 gemme
586 1323 619 1389 dt
664 1319 772 1389 uidam
792 1318 845 1391 alii
863 1316 983 1392 fossiles
1005 1355 1015 1409 3
1040 1345 1100 1394 nec
1118 1343 1249 1396 terrenae
1276 1337 1417 1401 materias

64 1418 125 1496 nib
139 1439 298 1517 perpuuoe
315 1411 599 1509 ‚affufioneaquae
610 1345 767 1502 casensis,
790 1415 844 1485 scu
865 1415 981 1487 lixirir's
1001 1413 1064 1488 sale
1084 1415 1142 1488 suo
1153 1444 1309 1494 exuuntur
1324 1481 1336 1512 ,
1363 1431 1415 1495 ni.

68 1513 182 1588 fifund
198 1536 274 1609 φιτ
295 1509 372 1582 sales
384 1510 425 1580 ad
449 1513 524 1581 ritae
545 1507 636 1578 usum
661 1510 794 1583 idoneos
817 1509 957 1608 prebent
980 1565 992 1598 ,
1029 1515 1139 1607 quales
1160 1511 1231 1585 sunt
1252 1543 1296 1590 eae
1325 1545 1417 1594 terre

71 1635 130 1709 qua
149 1609 309 1695 alumen,
330 1605 516 1691 vimulum,
538 1596 731 1703 salempetrae
752 1606 963 1706 suppeditant.
1008 1612 1048 1678 {t
1069 1609 1201 1706 quidem
1221 1636 1261 1682 tx
1283 1622 1319 1686 iis
1345 1643 1418 1715 qun

65 1703 203 1806 probata
216 1702 292 1773 sunt
303 1707 397 1799 uqtris
415 1711 448 1777 δι
466 1725 504 1771 ex
526 1698 595 1770 aliis
607 1724 678 1794 φιτ
690 1702 838 1800 deinceps
855 1699 1134 1796 sunteraminate‚
1153 1705 1231 1778 sales
1247 1708 1420 1809 singulares

64 1801 252 1900 prodierunt
263 1824 274 1868 t
286 1798 425 1869 necdum
433 1795 511 1867 illud
522 1817 597 1865 ante
609 1819 812 1892 compertum
824 1818 1032 1879 erancerrarn
1044 1796 1225 1873 salesalxali
1237 1830 1420 1901 procreate,

64 1901 116 1994 qui
128 1892 249 1967 salibus
263 1894 444 1992 plantarum
457 1888 630 1990 sulphureis
642 1912 710 1962 tam
728 1886 828 1961 essent
839 1896 992 1986 cognati,
1009 1893 1112 1987 quum
1130 1901 1187 1992 qui
1204 1906 1321 1996 reperti
1345 1901 1422 1976 sune

66 1996 148 2063 iniis
164 1988 311 2061 fontibus
323 1992 510 2059 nominatis.
1031 2005 1039 2008 ·
1313 2022 1316 2031 ·

109 2092 206 2159 vul.
231 2082 357 2182 Qibus
370 2081 575 2154 mineralibus
592 2081 679 2156 foetae
694 2077 753 2153 sint
764 2104 856 2179 aqua
868 2080 1056 2180 Pogienses,
1080 2110 1115 2160 v.
1137 2080 1177 2151 de
1193 2089 1261 2155 Pon
1284 2111 1356 2171 aes,
1383 2096 1423 2166 in

70 2208 143 2284 agro
156 2174 350 2255 Nivernenfi
360 2235 372 2266 ,
384 2184 437 2249 ιιι
452 2171 600 2275 suspicari
616 2179 712 2267 licet,
722 2204 790 2249 non
807 2175 950 2250 multdnr
966 2180 1120 2255 ariditatis
1139 2209 1194 2282 pre
1211 2179 1242 2254 se
1252 2109 1421 2278 subant,

72 2303 127 2350 nec
140 2279 263 2372 injesin
283 2273 374 2374 gallae
386 2273 525 2372 pulveris
546 2270 681 2346 rubeum
703 2272 876 2345 induebant
896 2270 1041 2346 colorem
1054 2280 1421 2364 ,utramonubireoens

72 2374 232 2470 estaqua,
245 2397 313 2442 non
367 2396 439 2440 rum
459 2367 745 2470 rubeteopulvere
757 2369 995 2464 adiectumque
1012 2373 1056 2441 est
1079 2377 1213 2447 acidior.
1241 2379 1329 2448 Cum
1348 2383 1421 2479 post

73 2468 194 2566 sliquos
207 2491 312 2538 annos
322 2395 399 2538 illae
417 2472 474 2535 iter
489 2461 631 2534 facerem
644 2520 654 2550 ,
667 2466 790 2563 gustare
802 2462 896 2535 volui
907 2485 1026 2556 aquam
1041 2470 1075 2533 in
1089 2462 1146 2536 suo
1156 2467 1247 2539 sonte
1259 2476 1317 2564 qui
1337 2476 1422 2546 olim

74 2562 267 2662 percelebris
280 2559 365 2646 fuit,
384 2583 516 2656 eamque
525 2558 617 2629 valde
624 2561 751 2631 acidam
761 2582 842 2657 pene
853 2577 889 2626 ut
900 2576 1028 2628 acetum
1040 2556 1128 2635 sens.

117 2664 168 2730 Ex
184 2656 310 2754 aliquot
331 2651 453 2751 spiritus
474 2651 543 2725 salis
563 2658 757 2727 ammoniaci
821 2657 876 2725 rtis
893 2649 971 2721 huic
990 2678 1081 2752 aquae
1096 2656 1253 2731 instillatis
1276 2664 1424 2760 precipi-

76 2758 158 2827 tatiu
168 2750 239 2822 alba
256 2760 289 2820 ἀ
305 2752 398 2822 denb
411 2750 496 2822 fasta
509 2752 564 2826 est.
596 2754 626 2821 A
653 2775 694 2820 ua
705 2748 764 2820 exh
797 2771 871 2835 ata,
889 2747 980 2844 quod
991 2749 1147 2825 refiduum
1162 2752 1224 2827 fuit
1232 2755 1343 2828 album
1355 2777 1425 2830 erat

74 2853 103 2920 iu
120 2846 202 2917 folia
213 2848 378 2918 didudlum
394 2855 429 2919 &
447 2842 560 2917 filsum
579 2903 590 2934 ‚
619 2779 717 2943 idque
745 2871 837 2942 aqua
857 2849 1039 2918 communis
1071 2856 1105 2920 δι
1132 2850 1238 2922 calidae
1266 2851 1425 2925 affufione

74 2941 255 3015 dissolutum
269 2953 303 3017 de
324 2939 480 3013 filtratum
496 2998 507 3028 ,
524 2938 654 3014 succum
675 2939 795 3012 dorum
816 2966 920 3039 parra
941 2942 1029 3010 iridis
1048 2946 1141 3015 viridi
1170 2946 1279 3019 colore
1305 2953 1425 3040 ιιιιιίιι

74 3063 146 3111 cunr
161 3020 240 3109 oleo
255 3036 381 3113 vitrioli
394 3038 516 3110 nullam
530 3037 607 3109 fecit
624 3033 894 3108 effervescentiam
918 3090 930 3123 ,
947 3032 997 3106 sed
1016 3036 1122 3109 levem
1139 3041 1289 3115 duntaxat
1307 3043 1422 3114 stemi-

73 3156 157 3209 tum,
194 3140 240 3206 lix
262 3158 330 3233 quo
352 3137 433 3233 juna
455 3128 591 3230 suspicio
608 3131 671 3204 suit
689 3157 808 3229 aquam
830 3130 919 3202 illam
942 3133 1129 3207 mineralem
1149 3161 1205 3235 per
1224 3160 1321 3210 terras
1337 3138 1429 3210 bitu-

75 3226 212 3304 minosas
243 3227 397 3320 transire,
421 3235 455 3300 in
498 3227 590 3300 uibus
607 3232 713 3299 miuus
728 3228 771 3298 est
791 3225 957 3300 bituminis
977 3285 990 3319 ,
1012 3224 1066 3300 sed
1093 3240 1196 3326 major
1218 3234 1339 3306 vitrioli
1365 3260 1427 3306 co·

74 3330 124 3422 pia
145 3352 156 3397 t
176 3350 238 3397 nec
258 3325 351 3397 valde
364 3328 409 3397 est
454 3332 459 3342 '
488 3323 586 3395 insilis
599 3328 691 3421 aquis
715 3325 754 3394 de
773 3328 813 3398 S.
829 3328 967 3419 Myon,
999 3350 1070 3425 φιτ,
1091 3352 1169 3398 mox
1188 3325 1259 3400 sunt
1281 3354 1430 3401 comme-

75 3445 218 3494 moratae.

107 3523 172 3591 IX.
190 3521 298 3619 Aquae
311 3515 350 3584 de
359 3514 462 3616 νισι)
474 3524 507 3591 in
520 3521 675 3591 Arvernia
685 3517 881 3615 percelebres
894 3541 983 3602 ,nou
1004 3515 1204 3614 indiligenter
1213 3517 1341 3588 fuerunt
1350 3533 1429 3589 era:

74 3617 219 3688 minatae.
245 3615 357 3690 Plures
369 3619 403 3686 in
418 3638 458 3685 eo
471 3615 595 3713 oppido
611 3612 681 3685 sunt
694 3613 801 3683 fontes
813 3613 867 3681 alii
878 3612 947 3683 aliis
958 3610 1141 3694 calidiores,
1160 3609 1209 3681 sed
1224 3635 1335 3680 omnes
1369 3635 1434 3683 ene

79 3712 164 3779 itreo
178 3716 400 3799 conveniunt,
420 3712 511 3807 qubd
523 3736 574 3780 ma
598 3735 673 3780 nam
691 3707 761 3779 salis
770 3702 930 3806 sulphurei
948 3708 1078 3802 copiam
1092 3698 1302 3802 suppeditent.
1334 3636 1434 3807 dqua

84 3799 177 3877 sontis
187 3806 293 3904 vulgo
307 3802 345 3872 de
358 3808 392 3873 la
401 3807 498 3902 grille
522 3736 599 3877 dissi
612 3806 747 3876 odorem
759 3799 924 3903 spargebat
937 3794 1130 3883 resinosum,
1144 3797 1254 3899 sipure
1273 3826 1341 3875 erat
1362 3810 1434 3905 aci·-¹

84 3895 177 3987 dulo,
192 3908 284 3972 nucis
296 3901 390 4000 gallae
397 3902 559 3974 additione
579 3901 722 3972 colorem
735 3925 802 3970 non
815 3897 959 3970 mutabat
981 3952 992 3984 ,
1015 3920 1075 3970 nec
1091 3896 1202 3992 spiritu
1217 3893 1287 3971 sniis
1304 3925 1433 3973 ammo·

80 3996 172 4063 niaci
185 3996 334 4067 instillato
351 3996 549 4085 albescebat,
566 3994 619 4066 sed
630 3996 756 4093 aliquot
777 4001 875 4093 guttis
888 3995 950 4066 olei
963 3991 1085 4064 vitrioli
1095 3988 1222 4084 affufis,
1239 3995 1343 4068 statim
1359 3995 1436 4068 bul-

76 4085 159 4157 lulae
179 4087 305 4161 eundo
318 4089 396 4165 vafis
415 4090 542 4164 sublatae
558 4093 649 4180 sunt,
669 4115 706 4162 ut
718 4097 752 4162 in
765 4117 849 4189 aqua
874 4091 913 4159 de
927 4096 963 4162 S.
979 4093 1103 4183 Myon,
1131 4093 1212 4160 Duae
1234 4089 1254 4160 b
1281 4098 1286 4110 '
1344 4113 1441 4189 aquae

76 4179 171 4254 librae
184 4184 363 4259 drachmam
377 4215 452 4261 cum
470 4189 640 4260 duodecim
655 4193 764 4285 granis
775 4191 925 4270 materiae,
941 4208 1015 4279 φιτ
1026 4183 1092 4255 fere
1105 4207 1175 4256 tota
1188 4117 1441 4283 erassdsspurus,

77 4279 258 4445 praebuere.
281 4287 348 4355 Hic
359 4282 493 4356 filtratus
507 4287 603 4357 instar
623 4279 692 4353 salis
705 4287 814 4354 tartari
830 4305 903 4351 acer
919 4288 953 4352 δι
972 4281 1121 4351 lixivialis
1132 4336 1142 4366 ,
1155 4284 1189 4351 in
1205 4283 1346 4352 humido
1362 4288 1442 4354 aire

92 4370 280 4471 rquescens,
297 4402 374 4450 cum
388 4381 462 4453 oleo
479 4382 600 4454 vitrioli
613 4379 801 4449 tumultuari
814 4375 900 4447 visus
916 4376 959 4447 est
975 4409 984 4464 3
999 4380 1147 4447 mercurii
1168 4375 1326 4450 sublimati
1348 4374 1440 4450 solu-

79 4474 208 4541 tionem
221 4474 321 4547 rubro
341 4477 451 4549 colore
466 4475 578 4551 infecit
594 4477 699 4552 :adeo
712 4497 748 4546 ut
761 4472 802 4547 sal
813 4475 867 4547 ille
876 4479 1013 4546 omuino
1026 4470 1064 4544 lit
1076 4498 1115 4545 ex
1126 4498 1364 4573 eorumgenere
1379 4475 1443 4570 qni

78 4562 241 4662 firlpburei
258 4573 407 4646 dicunnrr
419 4582 451 4645 dc
463 4573 526 4644 firi.

124 4669 171 4734 X.
213 4668 335 4739 Eadem
354 4692 436 4768 pene
448 4672 492 4740 est
506 4677 588 4744 ratio
600 4668 830 4745 illiusfontisle
842 4665 1078 4769 grand'Bculet
1092 4669 1169 4738 diui
1187 4671 1221 4736 ιιι
1244 4664 1358 4735 eudem
1372 4689 1440 4764 op*-

79 4759 185 4858 pidet
205 4756 298 4866 sapor
311 4789 406 4864 aquae
423 4768 673 4860 enatandum,
690 4792 758 4843 unu
780 4769 922 4868 ingratus
940 4801 957 4862 3-
976 4767 1057 4842 odor
1078 4766 1192 4840 itidem
1204 4757 1413 4938 ιιιὸιιιιιιιιόιιι
1423 4797 1442 4859 5
