3646 5430
288 431 353 519 148
594 412 788 492 uecta
833 409 1290 489 scrrurrnnusa

150 523 260 595 Aura.
334 524 409 592 IX.
446 515 538 588 Idem
557 516 607 587 die
625 513 745 610 4Julii
768 537 833 610 qua
858 516 982 583 ratione
1005 534 1112 581 motus
1136 511 1334 582 macularum
1359 508 1464 596 Solis,
1480 511 1579 593 Poli,
1601 516 1639 590 δὲ

148 635 234 718 ¹⁶75·
280 613 412 690 decursa
431 620 465 686 in
483 613 559 684 Sole
578 607 676 710 spatia
699 614 903 681 inveniantur
926 607 1073 679 ostendit.
1098 612 1234 680 Novam
1256 605 1364 705 postea
1379 603 1511 705 eclipses
1535 611 1636 683 Lm

281 711 469 786 observandi
489 713 648 779 tationem
667 707 905 777 demonstravit.
1188 729 1191 734 ·

331 813 421 882 Cum
442 809 535 876 variae
555 802 728 875 satellitum
742 805 838 900 Jovis
868 797 1138 886 configurationes
1189 823 1379 897 ermagnum
1409 801 1449 871 ad
1480 801 1638 875 Astrono·

280 911 380 979 miam
395 913 427 977 δι
444 899 682 998 Geographiam
705 921 909 968 momentum
926 884 1086 983 afferant,
1120 825 1223 968 vistim
1246 897 1290 966 est
1316 901 1362 968 D.
1385 895 1520 970 Caffino
1534 899 1585 969 dle
1599 927 1637 973 ιι

55 1000 86 1065 θ
281 1002 418 1097 Augusti
440 997 559 1092 scripto
572 994 703 1093 publico
717 994 930 1064 Astronomos
945 993 1146 1079 admonete,
1169 989 1279 1086 quales
1302 1016 1389 1064 anno
1409 1000 1561 1083 proximo
1587 995 1638 1068 fu-

286 1121 364 1170 tutae
383 1092 481 1168 effent
498 1149 509 1178 ,
526 1115 561 1164 ut
582 1115 695 1162 eorum
716 1111 822 1162 motus
841 1089 917 1159 hine
937 1113 1012 1158 com
1038 1086 1167 1175 tobati,
1191 1095 1226 1158 δι
1248 1111 1337 1157 oetto
1361 1086 1484 1158 deliniri
1549 1085 1638 1165 ssent.

282 1198 371 1266 Cum
385 1214 493 1262 autem
511 1186 604 1284 hujus
618 1183 725 1284 scripti
736 1185 929 1283 exemplaria
943 1113 1154 1256 defiderentur
1171 1240 1181 1272 ,
1198 1185 1295 1279 idque
1311 1182 1465 1282 petbreve
1486 1114 1549 1273 illo,
1570 1210 1636 1261 non

279 1295 340 1364 erit
360 1287 498 1359 alienum
514 1283 577 1354 hoc
593 1282 668 1354 loco
681 1282 760 1354 illud
774 1278 959 1354 exscribere.

239 1419 263 1452 ‚s
331 1381 581 1460 Observationes
599 1378 770 1451 satellitum
781 1380 878 1477 Jovis
896 1373 1077 1447 selectiores
1100 1373 1247 1445 institutae
1266 1373 1307 1446 ab
1333 1377 1510 1450 Academia
1530 1373 1637 1479 elapso

239 1518 264 1551 n
281 1482 505 1579 quinquennio
515 1501 634 1547 novam
645 1472 884 1572 suppeditarunt
895 1465 1162 1569 prostaphaerefim
1179 1471 1328 1542 omnibus
1344 1470 1529 1545 satellitibus
1544 1501 1636 1547 cotn-

240 1615 264 1648 ιι
281 1602 440 1661 munem,
463 1596 533 1669 quae
556 1575 635 1642 tanti
662 1572 708 1642 esl
740 1573 899 1639 momenti
926 1625 938 1654 ,
964 1592 1000 1638 ut
1019 1565 1163 1664 neglesta
1186 1590 1330 1637 errorem
1349 1571 1530 1666 quadrantis
1557 1568 1639 1665 hore

240 1713 264 1746 n
282 1670 376 1772 pollit
389 1677 421 1741 in
439 1669 646 1770 praedislione
664 1662 829 1763 eclipsrum
842 1664 1005 1748 inducere,
1035 1667 1091 1733 Ex.
1106 1686 1154 1757 gr.
1169 1660 1303 1733 emetslo
1317 1668 1411 1762 primi
1425 1659 1567 1738 satellitis
1588 1669 1639 1738 die

239 1811 263 1844 n
280 1787 316 1841 rr
342 1760 542 1842 Novembris
562 1768 701 1862 proximi
721 1788 762 1833 ιο
786 1762 911 1834 circiter
930 1762 1059 1829 minutis
1074 1759 1190 1825 tardius
1215 1762 1331 1828 accidit
1354 1818 1364 1846 ‚
1393 1785 1496 1857 quam
1519 1763 1639 1835 indicat

239 1909 262 1941 ,³
279 1862 440 1950 calculus,
455 1864 512 1958 qui
526 1883 598 1930 eam
615 1859 741 1958 vulgari
754 1857 854 1929 modo
869 1854 997 1928 deducit
1017 1877 1056 1925 ex
1078 1849 1306 1928 emersionibus
1328 1854 1421 1927 fadis
1437 1857 1544 1930 statim
1563 1857 1635 1958 post

239 2007 262 2039 .,
280 1956 633 2060 oppofitionemJovis.
716 2005 720 2013 -

239 2098 269 2139 n·
336 2054 480 2152 Alligata
493 2050 614 2121 esthaec
629 2048 842 2149 irregularitas
862 2047 901 2119 ad
916 2052 1102 2118 varietatem
1118 2045 1248 2120 visibilis
1270 2049 1417 2122 diametri
1443 2051 1555 2145 jovis,
1575 2049 1638 2126 save

240 2152 319 2236 „ad
345 2146 550 2221 intervallum
570 2147 664 2261 Jovis
688 2150 710 2216 a
731 2169 844 2230 terta,
875 2153 908 2215 δι
927 2143 1052 2216 videtur
1074 2149 1150 2222 oriri
1175 2170 1212 2213 ex
1234 2169 1275 2215 eo
1299 2148 1387 2241 quod
1412 2147 1524 2219 lumen
1544 2155 1567 2220 a
1589 2145 1637 2219 sa-

240 2301 264 2333 „
280 2244 435 2317 tellitibus
450 2267 516 2316 non
533 2246 696 2340 perveniat
712 2243 751 2312 ad
766 2265 825 2311 nos
844 2236 901 2310 nist
928 2238 997 2337 post
1019 2236 1163 2337 aliquam
1187 2247 1342 2337 temporis
1359 2265 1514 2318 motam:
1542 2250 1639 2318 itaut

240 2396 263 2428 „
281 2341 448 2441 impendat
461 2339 573 2409 decem
586 2335 638 2408 vel
656 2339 805 2409 undecim
825 2341 951 2409 minuta
964 2359 1020 2433 per
1044 2333 1180 2434 spatium
1192 2339 1314 2432 aequale
1328 2335 1567 2413 semidiametro
1588 2364 1641 2422 ou,

240 2495 262 2527 „
280 2435 330 2508 bis
346 2441 455 2511 annui.

239 2593 263 2625 „
326 2534 387 2604 Sed
402 2527 573 2604 difficultas
588 2537 673 2605 circa
695 2532 760 2603 hoc
782 2530 979 2603 elementum
1002 2528 1162 2601 calculum
1187 2527 1328 2600 redderet
1350 2529 1639 2624 intricatilstmum,

239 2691 263 2723 „
281 2625 338 2700 nist
352 2624 443 2699 stmul
461 2633 591 2699 inventa
607 2628 685 2701 ellet
699 2631 781 2698 ratio
796 2626 986 2698 conficiendi
1008 2624 1130 2695 tabulas
1159 2679 1169 2704 ,
1187 2647 1226 2693 ex
1253 2624 1366 2720 quibus
1426 2653 1441 2696 t
1464 2627 1549 2701 solos
1569 2655 1637 2701 mc·

239 2787 263 2820 „
280 2725 351 2794 dios
374 2748 484 2794 motus
502 2728 675 2795 &unicam
694 2720 836 2794 tabulam
856 2721 1151 2820 prostaphqtiticam
1174 2716 1238 2789 fine
1260 2719 1327 2790 ullo
1350 2649 1486 2794 subsidio
1505 2727 1639 2801 aliarum

236 2883 260 2917 ,‚
280 2819 463 2890 tabularum
478 2816 587 2888 habeti
609 2816 737 2915 p'olsunt
760 2839 909 2917 tempora
934 2813 1105 2914 Eclipstum
1122 2814 1291 2887 satellitum
1316 2815 1509 2914 fingulorum
1537 2846 1640 2912 vera,

239 2979 263 3012 ῃ
282 2912 525 3011 continebitque
541 2911 595 2984 illa
614 2913 722 2994 tabula
739 2913 987 3008 inequalitatem
1006 2914 1152 3005 dierum,
1177 2907 1229 2980 seu
1256 2938 1368 2982 vetum
1391 2937 1515 2986 motum
1533 2917 1638 3008 Solis;

240 3075 264 3108 „
282 3011 510 3107 motumJovis
528 3014 561 3080 in
575 3016 782 3097 excentrico,
801 3019 834 3083 &
855 3035 974 3081 novam
994 3005 1084 3078 illam
1110 3016 1173 3099 jam
1196 3009 1356 3077 detectam
1377 3011 1437 3079 inae
1463 3010 1638 3088 ualitatem.

239 3169 264 3206 „
280 3107 381 3207 Quod
400 3131 500 3202 genus
520 3103 700 3179 tabularum
715 3129 827 3178 omnes
841 3107 906 3177 huo
925 3100 1026 3202 usque
1041 3099 1168 3176 ufitatas
1191 3103 1374 3192 brevitate,
1391 3102 1452 3174 fac'
1470 3109 1573 3197 'tate,
1605 3117 1647 3184 ει.

240 3265 264 3302 „
282 3201 487 3273 multitudine
501 3200 736 3274 elementorum
753 3199 921 3298 superabit.

328 3301 374 3370 X.
398 3298 497 3369 Circa
509 3300 596 3370 diem
610 3327 650 3373 22
663 3294 865 3372 Novembris
887 3296 957 3396 post
975 3296 1099 3365 erastus
1121 3294 1260 3365 inducias
1292 3301 1337 3369 D.
1364 3299 1513 3367 Ro'e'mer
1534 3299 1637 3375 disset.

280 3396 438 3465 tationem
459 3395 487 3466 lt
515 3398 538 3465 ‘t
553 3395 594 3465 de
621 3392 752 3466 luminis
772 3400 1034 3491 propagatione,
1059 3415 1158 3484 quam
1176 3395 1209 3460 in
1233 3392 1360 3464 instarti
1383 3417 1451 3464 non
1472 3393 1547 3468 lieri
1566 3396 1635 3471 hinc

279 3487 479 3588 probatquo
517 3493 613 3589 primi
636 3487 777 3561 satellitis
795 3490 890 3585 Jovis
915 3483 1156 3558 immerfionum
1178 3494 1211 3557 δι
1236 3485 1449 3560 ernetfionum
1472 3495 1634 3590 inaequulia

281 3586 342 3658 lint
357 3607 516 3683 tempora.
539 3587 641 3684 Qod
662 3610 786 3682 magnae
807 3581 1032 3681 disquifitionis
1055 3587 1182 3652 initium
1202 3580 1263 3653 fuir
1276 3639 1286 3666 ,
1301 3582 1340 3652 de
1358 3609 1422 3679 qua
1440 3589 1540 3683 paulo
1562 3591 1633 3688 post.

281 3686 372 3756 Cum
384 3706 492 3754 autem
510 3687 547 3752 iis
562 3681 763 3778 temporibus
781 3679 911 3777 insignis
928 3685 961 3748 in
979 3676 1053 3749 Sole
1074 3677 1200 3747 macula
1224 3676 1289 3747 visa
1315 3679 1389 3750 esset
1414 3734 1424 3765 ,
1449 3707 1523 3775 quae
1543 3691 1636 3783 prima

281 3775 416 3875 periodo
442 3779 570 3874 perasla
586 3803 707 3848 novam
722 3782 802 3846 inire
812 3774 1004 3858 videbatur,
1023 3771 1116 3869 hujus
1129 3796 1258 3843 motum
1279 3770 1406 3874 singulis
1425 3775 1539 3852 diebus
1555 3779 1635 3854 futu-

282 3897 355 3945 tum
371 3871 428 3943 scri
454 3895 490 3942 ro
510 3869 641 3970 publico
664 3870 806 3970 praedixit
823 3875 865 3941 D·
887 3866 1020 3942 Caffini.
1117 3920 1121 3928 .

332 3973 396 4041 XI.
421 3899 452 4037 d
485 3990 552 4038 tata
571 3969 688 4036 iterum
704 3964 766 4036 suit
787 3966 919 4062 questio
942 3966 980 4037 de
1000 3960 1228 4041 emerlionibus
1249 3977 1282 4041 δι
1306 3969 1567 4043 immersionibus
1579 3976 1635 4072 pri·

218 4125 220 4129 .
280 4068 328 4138 tui
351 3991 592 4159 Jovissdtellitis
606 4119 617 4146 ‚
632 4063 722 4158 qutid
745 4057 870 4131 summa
884 4067 1038 4160 temporis
1061 4062 1302 4135 immerfionum
1326 4065 1454 4136 brevior
1475 4064 1513 4139 stt
1536 4091 1633 4140 emet·

280 4161 405 4234 fiouum
421 4155 554 4230 summa·
591 4160 680 4231 Cum
695 4159 734 4228 de
753 4156 847 4249 hujus
873 4156 1083 4254 pboenomeni
1108 4156 1199 4229 causa
1217 4187 1283 4231 non
1309 4163 1394 4231 idem
1421 4158 1576 4235 sentirent
1600 4169 1638 4236 D.

282 4254 452 4330 Callani&
478 4260 522 4330 D.
549 4258 696 4326 Ro'e'nter
714 4310 724 4340 ,
745 4277 879 4347 uterque
893 4250 1078 4323 sententiam
1094 4247 1182 4326 suam
1200 4255 1374 4328 rationibus
1398 4265 1433 4329 dr
1451 4261 1638 4350 conjecturis

279 4352 444 4424 firmavit:
465 4350 516 4420 sed
527 4354 566 4423 de
582 4376 615 4421 re
626 4347 692 4448 ipsa
706 4351 794 4421 nulla
806 4369 874 4418 erat
891 4353 973 4418 inter
991 4372 1046 4417 eos
1060 4345 1214 4424 dissensio.
1241 4353 1331 4424 Nam
1352 4350 1477 4424 summa
1493 4349 1638 4425 emerfin.

278 4474 358 4522 num
376 4448 530 4548 longioris
542 4452 699 4546 temporis
714 4443 816 4544 spatio
831 4445 981 4531 constat,
1001 4469 1099 4537 quam
1124 4444 1378 4517 immerfionum.

336 4550 441 4621 ΧΗ.
493 4551 557 4619 Die
584 4569 617 4616 ιι
651 4540 843 4614 Decembris
867 4543 913 4614 D.
937 4543 1081 4609 Ro'e'mer
1105 4567 1171 4637 qua
1199 4549 1323 4614 tatione
1345 4543 1428 4616 Solis
1452 4546 1638 4619 mactdaeiu

276 4641 354 4712 Sole
364 4648 443 4716 citra
458 4642 559 4713 ullum
573 4641 820 4711 instrumentum
835 4634 996 4706 observati
1014 4631 1131 4734 poffint
1147 4696 1157 4724 ,
1174 4635 1330 4735 exposuit.
1358 4644 1447 4712 Tum
1463 4643 1639 4716 machinam

278 4736 301 4806 ὲ
321 4736 351 4808 se
367 4743 583 4836 excogitatam
602 4732 770 4819 exhibuit,
789 4732 908 4824 duplex
930 4734 1048 4829 nempe
1077 4731 1302 4832 Telescopium
1317 4733 1444 4808 duobus
1461 4738 1640 4815 ouantibus

277 4829 322 4905 stc
334 4856 480 4935 aptatum
493 4857 529 4905 ut
541 4856 608 4907 uno
625 4831 720 4910 alteri
742 4829 783 4903 ad
799 4824 928 4906 libitum
942 4817 1087 4927 lubjedo
1099 4883 1112 4920 ,
1137 4853 1193 4905 aut
1217 4828 1324 4906 abeo
1345 4831 1480 4910 denuo
1505 4833 1636 4939 angore-
