3646 5430
421 388 766 471 reluctata
806 389 1135 469 Historia
1168 400 1234 475 lea
1263 414 1296 475 τ

173 478 266 557 heile
279 483 456 559 admodum
478 487 540 560 else
557 486 722 584 liquorum
737 490 818 557 vires
837 508 877 556 ex
896 488 1010 558 eomin
1028 489 1118 559 molt
1129 474 1487 589 anuinium?
1502 554 1541 603 θ,
1550 556 1592 625 ,3

172 576 384 655 difficultates
395 589 474 685 quip
528 587 675 654 oriuntur
694 580 902 678 cumexipsrs
920 580 1099 678 liquoribus
1117 640 1130 674 ,
1151 608 1220 659 uae:
1242 616 1280 663 ta.
1300 604 1480 681 mm„
1504 668 1512 679 ¹
1520 626 1572 691 l·

174 675 271 771 quod
291 678 456 752 volumini
488 679 661 751 imetiendo
674 675 854 752 adhibetur·
881 682 940 750 Vis
955 678 1078 749 elaterii
1104 733 1116 765 ,
1137 706 1208 776 qn
1225 690 1302 757 m
1315 702 1477 773 mm„

173 793 247 867 qua
267 772 387 847 scilicet
399 775 501 847 moles
512 799 625 846 eornm
636 796 768 874 augetur
779 795 836 843 aut
850 777 1004 844 minuitur
1016 796 1112 870 penes
1122 782 1201 849 a'e'ris
1210 778 1347 851 dmm
1375 786 1421 857 la
1435 790 1502 863 a(

175 864 299 940 cultate
318 894 385 942 non
401 894 500 945 caret.
536 875 627 944 Nam
641 871 784 965 liquores
804 872 990 965 quicunque
1002 874 1023 940 ii
1038 865 1117 951 srnt,
1139 872 1282 973 insipidi,
1305 874 1396 965 lad,
1416 904 1485 953 a
1507 966 1511 971 Ι

174 955 361 1061 sulphurei,
375 967 484 1039 calido
498 964 708 1064 a'c'riexpoliti
722 960 897 1051 rarescunt,
918 962 970 1033 sed
993 962 1152 1062 sulphurei
1174 972 1337 1066 imprimas
1368 978 1446 1059 ομ
1466 1006 1512 1049 a„

175 1074 247 1129 uem
264 1053 337 1136 sunt
360 1068 515 1149 rariores,
535 1082 591 1133 aut
618 1057 807 1149 densiores,
835 1084 877 1130 eo
896 1063 997 1155 magis
1018 1115 1030 1147 ‚
1055 1083 1112 1133 aut
1141 1065 1245 1135 minus
1271 1062 1410 1141 teristrum
1428 1070 1521 1143 laam

174 1163 357 1230 uraeouueui
370 1157 572 1258 deptessioni.
597 1163 687 1231 Hinc
698 1153 734 1227 ht
757 1177 792 1227 ut
812 1152 936 1255 spiritus
960 1159 1054 1244 vini,
1077 1162 1134 1253 qui
1154 1157 1258 1229 aestate
1282 1166 1423 1256 optimus
1442 1184 1524 1253 ‚om

120 1284 124 1295 ·
174 1270 270 1323 eatur
283 1307 294 1339 ,
309 1253 427 1353 hyeme
453 1278 490 1326 ut
516 1279 600 1349 aqua
620 1258 692 1324 vitae
713 1258 894 1323 communis
916 1247 1095 1341 habeatur,
1116 1253 1206 1350 quiid
1223 1254 1327 1326 aellate
1342 1278 1441 1327 ratior
1464 1260 1524 1351 ht,

120 1350 125 1391 ³
175 1345 282 1442 quarn
295 1347 424 1447 hyeme.
448 1352 583 1422 Accedit
595 1349 673 1421 illud
687 1371 820 1445 quoque
832 1346 993 1443 liquorem
1007 1351 1041 1417 in
1060 1372 1176 1446 magna
1189 1345 1261 1420 satir
1273 1348 1333 1420 elle
1350 1356 1529 1445 quantitate

120 1448 126 1585 ἶ
173 1445 445 1614 misssi
462 1443 1531 1637 villigisiiiiiiiisl’issleqiiiis‘isaii?{lismoi

120 1640 126 1651 '
174 1536 304 1707 cohbm
318 1658 425 1710 totum
437 1599 622 1724 madescat,
644 1634 731 1707 secus
754 1659 794 1706 ex
821 1593 1011 1706 araeom’etro
1031 1638 1164 1705 minime
1183 1634 1384 1735 exploratum
1406 1597 1533 1709 habebi·

174 1752 252 1801 mus
278 1727 413 1829 liquoris
437 1733 573 1832 pondus.
605 1737 695 1807 Nam
718 1727 800 1803 licea
822 1753 894 1826 quae
912 1724 984 1802 sunt
1003 1754 1139 1828 corpora
1167 1736 1265 1803 etiam
1284 1733 1433 1828 graviora
1442 1754 1534 1828 aquae

120 1834 125 1871 ²
172 1822 324 1897 maante
341 1850 456 1901 notum
468 1830 512 1901 est
526 1830 544 1900 ὲ
557 1826 690 1900 lamellis
703 1825 895 1909 metallicis,
917 1844 973 1894 aut
993 1825 1123 1896 aciculis
1150 1852 1160 1899 e
1180 1826 1271 1897 'adeo
1294 1847 1330 1896 ut
1357 1830 1534 1899 araeommi

171 1916 247 1993 usus
261 1927 401 1995 omnino
412 1924 532 1997 inutilis
543 1922 667 1994 futurus
680 1920 737 2010 lit,
749 1919 807 1993 nili
819 1919 941 1992 collum
953 1919 1038 1991 illius
1047 1944 1137 2017 aqua
1149 1927 1366 2021 immergatur.

177 2046 180 2053 ·
221 2015 393 2129 Pollremo
408 2019 552 2117 liquores
565 2023 621 2116 qui
635 2040 825 2131 araeomerro
846 2015 1064 2128 expenduntur
1083 2072 1094 2103 ,
1118 2013 1267 2131 sattispdiu
1285 2021 1319 2088 in
1341 2014 1413 2088 vase
1428 2015 1536 2133 latiori

170 2113 448 2314 miili?
462 2109 875 2293 lsslzllssffilds‘
906 2112 1536 2297 issssss‘ssttssllqll‘hllpffali

172 2307 435 2402 augeturacidus
448 2308 556 2404 liquor
572 2301 748 2377 accelsrone
770 2304 934 2387 humoris,
950 2307 1008 2397 qui
1030 2304 1109 2376 inest
1129 2302 1324 2377 circumfuso
1337 2308 1432 2392 a'e'ri,
1453 2306 1536 2376 adeo

169 2419 213 2471 ut
232 2420 368 2501 uterque
381 2400 490 2499 liquor
514 2426 589 2473 cum
611 2395 818 2499 spirituosus,
839 2421 910 2471 tum
922 2397 1028 2470 acidus
1041 2407 1075 2471 dt
1098 2397 1191 2470 salsus
1215 2399 1350 2471 debilior
1370 2396 1427 2472 hat
1448 2433 1459 2488 3
1481 2399 1536 2471 ille

170 2489 380 2569 subtiliorum
400 2501 541 2597 partium
557 2494 658 2593 fuga,
678 2495 731 2567 hic
752 2493 973 2565 humidiorum
987 2495 1148 2582 additione
1170 2529 1180 2583 3
1202 2492 1253 2565 sed
1273 2498 1344 2592 qua
1365 2520 1403 2566 ex
1419 2493 1536 2566 instru-

169 2612 290 2664 mento
304 2591 374 2691 ipso
388 2616 558 2692 emergunt
573 2586 801 2679 difficultates,
817 2614 884 2660 non
898 2593 1032 2659 minoris
1053 2587 1125 2660 sunt
1145 2594 1314 2664 momenti.
1356 2597 1449 2666 Nam
1477 2592 1535 2685 qui

168 2688 210 2757 in
232 2685 288 2757 vul
312 2692 566 2777 ariaracometro
583 2707 734 2758 notantur
755 2686 894 2783 gradus,
924 2685 964 2755 ad
983 2681 1125 2756 libellam
1145 2685 1279 2783 liquoris
1297 2684 1370 2759 vase
1393 2683 1535 2758 conclusi

168 2783 262 2880 exigi
280 2714 353 2856 ἔπιε
365 2806 511 2855 accurate
529 2788 584 2853 vix
603 2779 734 2879 pulsant.
772 2779 907 2851 Collum
919 2783 1007 2867 enim
1027 2780 1228 2855 instrumenti
1244 2782 1410 2855 madidum
1432 2788 1536 2854 inter.

168 2875 254 2948 dum
267 2877 462 2951 moleculam
475 2873 616 2975 ejusdem
631 2877 765 2973 liquoris
784 2876 914 2947 adduas
926 2874 1024 2946 lineas
1037 2872 1128 2973 super
1146 2876 1289 2947 libellam
1310 2883 1319 2949 i
1345 2878 1403 2949 lius
1423 2879 1536 2976 liquo‹¹

168 2976 217 3045 ris
237 2970 385 3062 sustinet,
401 2976 491 3071 quod
504 2996 617 3044 verum
636 2972 748 3045 libella
764 2972 875 3043 locum
890 2996 964 3042 cum
978 2971 1065 3042 collo
1077 2971 1274 3044 instrumenti
1289 2904 1444 3051 collatum
1461 2967 1533 3046 elli·

169 3070 222 3140 cit
233 3071 416 3161 incertum
435 3092 533 3166 atque
553 3068 617 3138 hoc
628 3064 766 3166 spatium
789 3066 950 3138 interdum
963 3064 1034 3136 satis
1050 3066 1094 3135 est
1111 3065 1285 3139 discrimini
1301 3073 1382 3140 inter
1396 3072 1477 3142 duos
1491 3070 1533 3142 li.

167 3184 294 3261 quotes
306 3164 492 3279 afflpnando
502 3219 514 3253 ,
526 3187 609 3263 quor
620 3162 776 3239 confundi
787 3156 909 3236 necesse
922 3162 986 3252 est,
997 3165 1155 3238 incertum
1166 3163 1248 3239 adeo
1269 3166 1308 3238 de
1325 3169 1363 3238 iis
1375 3170 1535 3266 judicium

197 3282 390 3337 rununnarr.
570 3294 573 3301 ·

169 3284 197 3360 P
222 3360 373 3447 Preterea
387 3359 467 3428 airis
479 3355 638 3431 bullulae
653 3359 779 3457 liquore
793 3360 984 3457 prodeuntes
995 3360 1145 3430 exteriori
1157 3362 1337 3429 araeometti
1358 3356 1534 3457 superficiei

167 3446 256 3551 sepe
266 3451 459 3524 adherentes
479 3453 633 3548 judicium
647 3457 750 3551 magis
762 3458 921 3524 incertum
936 3448 1102 3537 efficiunt,
1119 3450 1288 3547 presertim
1311 3452 1366 3524 ubi
1381 3478 1529 3546 areome.

168 3566 264 3621 trum
275 3548 394 3621 diutius
406 3569 515 3619 manet
525 3552 609 3619 intra
621 3546 784 3643 liquorem
793 3545 972 3618 demersum
986 3571 995 3616 t
1010 3544 1182 3615 multitudo
1195 3550 1281 3616 enim
1301 3543 1460 3619 bullarum
1475 3573 1529 3621 er*

168 3666 285 3716 rorem
302 3667 369 3715 non
387 3643 492 3715 levem
515 3643 616 3741 potest
643 3645 804 3715 inducere.
841 3643 903 3711 Sed
922 3642 1116 3739 precipuum
1138 3645 1171 3710 in
1193 3637 1249 3709 usu
1270 3646 1452 3714 araeomerri
1475 3648 1529 3714 in-

168 3740 389 3811 commodum
403 3741 504 3812 oritur
525 3764 563 3810 er
575 3734 764 3811 difficillime
780 3740 1021 3833 comparatione
1040 3733 1172 3830 liquoris
1186 3735 1352 3833 diligenter
1360 3744 1532 3812 erantinati

164 3855 254 3909 cum
273 3835 341 3906 alio
360 3834 514 3931 liquore,
534 3834 726 3930 quiritibus
743 3835 878 3935 aptiori
897 3829 1042 3922 diffidet3
1071 3828 1125 3900 ubi
1139 3829 1327 3904 discriminis
1344 3834 1459 3932 gradus
1474 3862 1531 3908 ex.

168 3932 359 4024 ptimendi,
380 3928 432 4003 vel
444 3930 484 3999 ad
498 3950 590 3999 noras
603 3933 806 4027 ponderum,
826 3935 858 3999 dt
881 3927 975 3999 molis
990 3923 1149 3997 mensuras
1166 3922 1237 3997 sunt
1265 3926 1420 4001 referendi
1438 3987 1448 4015 ,
1474 3932 1533 4004 nist

168 4025 263 4100 forte
279 4026 406 4099 molesti
422 4033 455 4097 δι
470 4019 615 4101 difficiles
629 4022 839 4098 adhibeantur
852 4016 970 4095 calculi
983 4028 1066 4121 ,qui
1081 4025 1178 4094 eriam
1191 4027 1244 4094 vix
1260 4048 1382 4098 certum
1392 4022 1533 4101 efficient

170 4123 343 4316 ‚ndstclhllse
362 4226 409 4294 D.
432 4217 582 4290 Homber
619 4221 653 4290 in
669 4213 760 4288 usum
782 4213 872 4288 suum
885 4212 970 4285 aliud
983 4218 1177 4311 excogitavit
1186 4182 1434 4290 instrumentum
1457 4213 1551 4287 hnic·

171 4317 221 4388 rei
239 4322 343 4414 magis
363 4319 526 4386 idoneum.
566 4243 677 4387 Phiala
688 4310 883 4398 estusrtata,
904 4306 1040 4401 cujusvis
1059 4315 1267 4408 capacitatis,
1293 4313 1423 4410 perinde
1450 4311 1494 4380 eli
1522 4341 1531 4384 ι

169 4415 275 4491 utitur
287 4412 400 4508 ‚phiala
417 4411 508 4504 digiti
534 4408 639 4481 cubici
660 4434 785 4507 capax,
806 4406 929 4479 collum
943 4405 1031 4491 ,illius
1052 4406 1096 4481 est
1111 4406 1247 4504 longum
1272 4403 1510 4509 stsqqlepqllloe
1521 4460 1542 4497 ,-

171 4510 430 4601 cnjua‘diameier
449 4506 494 4573 est
507 4503 680 4578 semi-linei
691 4560 701 4592 ,
714 4502 836 4600 ubique
850 4499 1009 4585 reres'nisr
1020 4505 1053 4572 in
1066 4514 1213 4575 'extremo
1232 4499 1287 4599 ubi
1304 4502 1399 4574 i'nstar
1419 4498 1534 4573 infun·

172 4599 277 4675 dibuli
288 4604 450 4676 dilatatur.
482 4603 533 4671 Ad
546 4602 684 4672 redicem
699 4596 925 4671 collitubul'ur
938 4594 1068 4695 assurgit
1080 4594 1168 4669 collo
1187 4592 1243 4693 ipsi
1258 4587 1421 4695 parallelus
1435 4603 1533 4691 quin·

171 4725 241 4799 que
259 4699 355 4787 lineas
366 4697 577 4790 alrus‚,cujus
592 4696 745 4775 diameter
761 4697 858 4783 etiam
881 4693 925 4775 est
944 4689 1032 4768 serni-
1042 4693 1137 4767 linea.
1178 4698 1246 4765 Hic
1265 4696 1386 4762 exitum
1413 4692 1536 4861 prabet
1678 4739 1683 4747 ·

170 4802 242 4896 ²315
253 4792 402 4884 ludus),
422 4792 600 4893 ublplu‘flla
612 4790 868 4893 inpletur-aqut
885 4812 894 4862 r
915 4810 984 4887 quo
1000 4788 1132 4887 qudem
1148 4787 1252 4871 modo
1267 4806 1334 4858 tam
1350 4784 1449 4863 -sacic
1470 4795 1532 4862 itu·
