3646 5430
413 378 761 457 acanum
802 381 1140 462 HISTORIA.
1175 382 1331 460 [new.
1481 388 1544 479 387

163 503 266 556 vata
282 477 421 578 obliquo
433 475 595 552 valvulam
615 475 825 577 perstringens
836 503 950 551 contra
964 503 1037 549 eam
1050 502 1174 577 partem
1188 478 1293 552 obniti
1313 474 1414 580 pollet
1438 510 1450 573 ς
1478 507 1540 553 ne·
1561 475 1664 543 Am

169 601 240 677 que
258 578 410 689 adrepet
430 575 524 647 ovate
537 574 686 648 foramen
702 568 825 673 ssnguia
841 574 953 647 lvena
974 599 1053 647 cava
1074 579 1109 647 in
1121 597 1273 652 truncum
1301 601 1389 651 vena
1404 577 1537 678 pulmo·
1559 587 1638 646 tom.

169 699 256 749 num
280 695 452 746 traicitur.

223 776 297 845 Vl.
330 702 432 865 ldque
448 794 486 841 ex
509 768 661 839 struiiura
685 763 856 839 foraminis
877 768 977 842 ovalis
1000 764 1234 855 confirmatur,
1258 767 1381 844 nullam
1397 795 1438 843 eo
1461 770 1539 846 loco

168 866 237 943 else
249 864 434 938 valvulam:
450 890 525 936 cum
539 864 619 936 illud
636 866 809 936 interduos
823 861 1051 938 semicirculos
1078 861 1115 939 fit
1131 862 1269 963 positum
1293 874 1326 938 &
1349 867 1390 938 ab
1410 873 1447 939 iis
1468 868 1539 939 for·

169 987 323 1049 matum,
338 986 479 1055 quotum
501 986 582 1032 unus
602 963 746 1032 interiori
764 956 855 1031 lateri
873 961 1019 1033 auricula
1036 961 1150 1032 dextra
1173 1017 1185 1048 ,
1210 971 1244 1036 &
1264 958 1389 1036 smistrae
1407 971 1538 1036 auricu-

168 1059 213 1135 ὴ
227 1056 391 1157 applicato
404 1051 519 1129 incisus
533 1058 578 1128 est
601 1113 611 1144 ,
632 1056 712 1127 alter
736 1061 816 1126 veto
838 1060 883 1129 est
906 1083 1004 1157 parva
1024 1054 1116 1128 limbi
1136 1063 1245 1155 portio
1267 1067 1333 1155 ejus
1351 1083 1422 1156 quae
1437 1061 1538 1157 vulgo

170 1156 292 1228 &otor
303 1151 448 1240 valvula,
476 1154 631 1250 quodque
643 1150 804 1247 reliquum
818 1154 863 1224 est
878 1163 945 1246 ejus
957 1151 1088 1240 vultule
1099 1152 1263 1241 ambitils,
1278 1181 1400 1247 partem
1412 1154 1539 1226 finistrae

172 1249 325 1325 auritulae
339 1245 463 1321 efficit:
479 1274 517 1320 tx
533 1275 603 1340 quo
626 1246 705 1319 illud
725 1246 834 1319 manis
848 1251 931 1320 stum
952 1251 996 1320 est
1010 1248 1052 1319 ab
1064 1275 1101 1320 ea
1127 1250 1253 1320 valvula
1275 1250 1427 1323 foramen
1444 1252 1540 1328 ovalo

171 1343 304 1515 {gaudi
319 1369 387 1510 nolti
402 1344 509 1443 polle,
521 1344 599 1419 ctlm
616 1340 713 1416 asuo
728 1344 806 1416 loco
824 1346 981 1418 dimoveri
991 1367 1151 1442 nequeat,
1166 1371 1227 1418 nec
1244 1345 1399 1419 foramini
1419 1349 1537 1422 occlu-

260 1466 312 1512 oa
370 1464 460 1520 icari,
1200 1451 1203 1464 '

180 1614 184 1622 ,
221 1545 253 1610 V
265 1541 281 1607 l
292 1467 334 1611 1.p
336 1466 424 1607 llloc
439 1544 538 1611 etiam
556 1533 621 1634 ipsa
635 1534 805 1609 confirmat
819 1542 1011 1635 experientia
1027 1567 1038 1612 z
1052 1563 1128 1609 nam
1150 1564 1234 1634 aqua
1248 1563 1304 1636 pet
1328 1564 1457 1613 anetam
1479 1567 1537 1620 aut

171 1631 1241 1818 ismillllll‘sls‘lsstsltsf‘lllsllltlffe‘
1260 1633 1536 1828 illasii?

170 1825 280 1898 dueta
289 1850 347 1897 cot
359 1823 462 1922 ipsum
476 1823 636 1923 quanttlm
649 1824 718 1896 fieri
760 1824 857 1912 otest,
872 1826 1086 1913 distendatur,
1102 1831 1245 1921 atquem
1257 1850 1300 1898 eo
1318 1830 1399 1902 statu
1418 1833 1534 1929 paula.

168 1925 237 1995 tim
258 1918 406 1993 exsiccari
426 1922 525 2008 smas,
550 1946 619 1994 tum
631 1947 672 1992 eo
684 1921 716 1991 di
740 1921 815 2016 ailo
826 1918 974 1993 foramen
987 1922 1080 1994 ovalo
1094 1946 1204 2021 patena
1218 1923 1409 2024 apparebit,
1432 1936 1467 2001 δε
1493 1953 1533 2000 ea

170 2016 362 2136 ⁸quapulgo
373 2016 506 2091 habetur
519 2018 648 2091 valvula
667 2073 680 2108 ,
703 2013 843 2112 ejusdem
866 2014 993 2118 prorsus
1009 2021 1237 2119 magnitudinis
1256 2043 1295 2091 ac
1316 2021 1409 2094 nullo
1430 2027 1537 2096 modo

170 2136 361 2189 nmmum.

180 2253 185 2257 ·
226 2215 309 2284 vll
320 2215 347 2281 1.
384 2213 449 2284 His
469 2213 632 2312 explicatis
642 2212 716 2309 quis
730 2208 768 2280 fit
787 2205 857 2279 usus
869 2234 945 2280 cum
959 2209 1059 2283 ovalis
1073 2210 1241 2284 foraminis
1265 2270 1276 2301 ,
1297 2237 1368 2287 tum
1391 2215 1535 2310 canalis,

173 2304 361 2406 quomnboe
372 2310 516 2398 atterite,
531 2309 722 2408 pulmonum
740 2313 904 2402 nempe&
920 2329 1012 2377 totta
1030 2312 1112 2378 inter
1137 2305 1167 2377 se
1184 2316 1449 2397 communicant,
1464 2339 1536 2386 ma·

172 2400 329 2476 nifeimm
343 2400 412 2477 fiet.
429 2406 531 2476 'Cum
545 2408 633 2476 enim
648 2426 706 2472 cot
717 2400 815 2472 fretus
836 2404 872 2471 vi
886 2406 1015 2499 proptia
1032 2424 1159 2472 motum
1172 2405 1360 2475 circularem
1376 2403 1537 2503 sanguinis

172 2495 306 2571 affinem
320 2525 389 2571 aon
404 2497 500 2597 poffit
516 2499 561 2571 ob
572 2504 709 2570 tationes
719 2492 861 2594 superitls
873 2495 1003 2585 allatas,
1023 2499 1164 2593 quandiu
1177 2505 1210 2568 in
1230 2521 1323 2570 utero
1339 2505 1536 2592 continetur,

173 2599 290 2669 matria
302 2593 508 2692 respiratione
517 2617 603 2694 eget,
611 2596 680 2691 quo
690 2596 835 2690 perennia
843 2590 897 2661 ille
905 2615 1013 2664 motus
1021 2597 1215 2668 continetur.
1240 2599 1396 2667 Ettamen
1408 2616 1536 2674 tantum

169 2695 211 2765 its
223 2687 309 2761 fictu
330 2686 562 2788 flagitiumst,
584 2710 744 2788 quantum
764 2692 798 2758 in
817 2688 929 2759 adulto
944 2687 1079 2760 homine
1103 2687 1213 2762 habits
1232 2696 1376 2790 corporis
1397 2696 1537 2771 tatione.

168 2784 421 2887 Qaptopterfi
441 2814 542 2863 mater
555 2788 649 2861 stetui
703 2809 844 2855 tunnam
862 2783 1080 2856 umbilicalem
1094 2785 1199 2856 multo
1212 2791 1318 2859 minus
1329 2792 1410 2858 a'e'ris
1422 2782 1537 2886 suppe-

169 2885 276 2969 ditet,
295 2884 397 2979 quim
416 2880 580 2984 respiratio
598 2907 655 2954 cor
678 2880 842 2952 ihomano
855 2880 992 2978 piabere
1004 2879 1218 2978 solet,palatn
1229 2884 1273 2954 est
1285 2882 1445 2954 tantulum
1455 2891 1539 2959 a'o'tia

167 3002 276 3078 quem
289 2977 498 3052 matetfoetui
510 2984 673 3081 impertit,
689 3001 757 3048 non
780 2974 923 3048 sufficere
941 2977 1142 3049 citotlationi
1159 2973 1318 3075 sanguinis
1335 2973 1534 3068 efficienda,

169 3070 235 3148 nist
261 3095 376 3146 natura
402 3083 516 3172 majori
537 3073 698 3174 sanguinis
714 3077 795 3173 parti
812 3077 899 3145 viam
921 3071 1233 3172 compendiosiorem
1250 3072 1388 3171 prebeat
1404 3075 1440 3142 tal
1465 3081 1536 3176 ipsa

169 3193 278 3270 quam
296 3174 330 3240 in
347 3168 481 3245 homine
492 3171 612 3245 infistit·

223 3262 309 3340 Eam
336 3265 381 3338 ob
404 3269 529 3341 causam
553 3265 702 3341 foramen
719 3264 814 3339 ovale
833 3275 868 3339 δι
894 3263 1038 3336 canalem
1059 3267 1249 3362 ptaedianm
1270 3272 1394 3366 aptavit
1411 3288 1537 3338 natura

169 3361 312 3464 opifex:
329 3359 350 3431 fi
365 3363 496 3459 quidem
516 3388 554 3435 ex
582 3367 725 3435 univetsa
746 3361 905 3459 sanguinis
927 3358 1024 3431 mallo
1047 3415 1059 3441 ,
1109 3363 1191 3433 uzi
1210 3366 1322 3434 dextro
1340 3362 1444 3432 cordis
1464 3359 1537 3433 finu

168 3457 365 3558 egreditur,
383 3483 455 3555 pars
474 3484 536 3531 una
561 3458 581 3532 ὲ
603 3460 795 3559 pulmonum
810 3461 925 3528 attetia
940 3478 996 3618 pet
1014 3386 1158 3526 canalem
1176 3459 1381 3547 interjectum
1400 3460 1433 3526 in
1460 3480 1536 3525 aot.

169 3576 248 3629 um
260 3553 445 3625 inferiorem
465 3554 642 3642 delabitur,
657 3576 761 3650 neque
776 3576 813 3622 ea
825 3575 881 3649 per
896 3574 938 3647 pu
952 3574 1063 3620 mones
1075 3574 1131 3622 aut
1151 3549 1307 3621 sinistrum
1330 3551 1435 3622 cordis
1453 3575 1535 3619 vena

169 3646 331 3724 tticulum
346 3647 529 3724 eiaculatur.
553 3658 597 3723 Ex
612 3649 731 3721 duabus
747 3648 817 3718 aliis
829 3671 900 3742 quae
914 3643 1085 3740 pulmones
1096 3645 1316 3744 pertranseunt
1336 3701 1348 3733 ,
1378 3666 1477 3738 atque
1500 3649 1538 3716 in

169 3737 356 3818 andellam
370 3746 474 3818 cordis
489 3745 641 3818 finisttam
660 3742 795 3817 effluunt
807 3775 816 3830 3
829 3766 900 3841 pars
913 3764 1044 3906 unaper
1055 3738 1204 3811 foramen
1219 3738 1314 3813 ovalt
1334 3746 1366 3811 in
1388 3739 1539 3812 dextrum

170 3841 394 3912 ventriculum
412 3844 514 3929 redit,
531 3867 591 3913 nec
604 3868 658 3942 per
676 3839 835 3912 sinistrum
850 3836 955 3907 cordis
985 3859 1077 3907 mum
1102 3892 1113 3923 ‚
1135 3860 1191 3908 aut
1214 3861 1270 3936 ptr
1286 3838 1364 3908 alias
1389 3840 1538 4004 corporis

171 3952 283 4051 portet
298 3941 469 4008 circuitum
495 3936 586 4011 suum
607 3946 674 4038 agit
700 3964 713 4010 t
734 3957 808 4035 pars
824 3934 924 4005 altera
947 3936 981 4005 in
1001 3929 1159 4006 sutilitum
1173 3933 1388 4006 ventriculum
1408 3931 1446 4003 da

171 4042 240 4107 xer
254 4029 346 4102 suum
363 4057 420 4129 per
433 4058 559 4106 aottam
580 4033 725 4109 conficit.

229 4130 302 4201 lx.
325 4130 553 4226 Qamobrem
574 4132 654 4202 illud
669 4131 775 4230 palam
791 4129 836 4200 est
849 4127 936 4199 hune
962 4123 1023 4197 elle
1044 4123 1147 4198 uvalis
1166 4123 1334 4199 foraminis
1358 4134 1393 4201 δι
1417 4128 1541 4201 canaiis

172 4221 274 4299 nsum
286 4276 298 4313 ,
310 4248 347 4297 ut
358 4248 429 4323 pars
443 4234 547 4322 maior
560 4222 719 4325 sanguinis
733 4232 767 4297 in
781 4225 864 4299 srstu
878 4221 985 4295 multo
998 4220 1177 4293 breviotent
1190 4219 1308 4296 instliat
1320 4229 1420 4310 viam,
1433 4225 1541 4316 quim

170 4327 211 4398 in
225 4319 360 4392 homine
375 4377 386 4408 ,
399 4343 495 4419 atque
509 4345 544 4393 ut
555 4319 715 4422 sanguinis
728 4327 761 4395 in
775 4322 858 4394 [πω
872 4344 938 4391 non
952 4323 1058 4389 minor
1073 4315 1109 4389 sit
1122 4324 1238 4416 copia,
1259 4316 1380 4389 setta&
1393 4321 1540 4412 corporis
1669 4320 1672 4327 '

171 4421 411 4520 proportione,
428 4420 532 4512 quam
542 4426 575 4490 in
587 4417 657 4516 ipso
670 4416 803 4491 homine
813 4416 947 4502 adulto,
962 4413 1163 4485 circulttioni
1185 4437 1294 4486 tamen
1310 4419 1344 4484 in
1362 4410 1446 4483 stetu
1461 4400 1538 4484 effi·

172 4515 298 4589 cienda
310 4511 417 4583 multo
431 4516 535 4586 minus
547 4519 628 4584 a'e'ris
639 4518 832 4608 requiritur,
849 4518 952 4610 quam
967 4513 1001 4581 in
1016 4510 1163 4583 homine.

232 4615 324 4682 Hinc
349 4611 448 4679 etiam
469 4614 553 4680 ratio
574 4601 682 4680 affitri
696 4604 819 4708 potesi,
842 4633 899 4680 cut
922 4614 957 4679 in
978 4605 1127 4677 machino
1170 4607 1352 4677 neonutiea
1384 4600 1538 4677 exhausto

173 4731 264 4807 pene
281 4709 353 4777 a'e'te
371 4728 428 4801 per
454 4710 605 4803 repetitos
628 4703 733 4775 antlia
758 4706 870 4792 istos,
920 4705 985 4775 uod
1009 4723 1118 4773 tamen
1148 4700 1271 4798 upetesi
1293 4703 1375 4770 a'e'ris
1396 4700 1537 4771 osculat

176 4809 305 4895 ῇοκω
323 4797 484 4908 Quini·
502 4799 623 4883 ‹liutltlt
645 4730 941 4879 consessas-infel
955 4850 976 4890 ,.
991 4793 1422 4962 witttbmueugvale&
1438 4821 1540 4884 raom
1628 4891 1635 4908 ί

1298 4913 1346 4963 cc
1371 4919 1395 4989 ι]

1461 3931 1539 4035 apso
