3646 5430
406 390 736 478 ACADEMIAE
773 421 922 487 iam.

166 490 358 567 inbreviari
375 486 454 563 tibia
475 525 485 579 3
510 486 578 563 sirus
594 514 699 566 tamen
714 500 794 601 ling.
804 543 828 585 ζ
856 567 884 592 ,,
902 579 905 586 ,

164 590 222 662 tell
241 594 395 661 xionesin
410 588 476 686 ipsi
488 590 815 671 cavitateinllrumentz
827 635 924 690 nug„
942 595 967 614 '⁰

165 691 248 761 Non
262 686 349 756 aliud
367 710 417 755 ars
429 680 497 781 ipsa
513 684 654 781 praestare
667 690 767 781 potest
782 746 791 777 ,
805 724 894 772 omn,
913 745 928 776 ‚.
950 683 976 772 'J
1002 701 1009 714 '

166 804 251 853 tono
281 779 318 852 stt
343 778 482 852 dissonus
506 834 517 864 ,
538 774 589 847 sed
612 802 685 848 cum
710 780 766 851 illo
790 771 907 865 corsian-
923 834 946 870 a
972 773 1009 793 ὼ

166 884 331 963 mosaicos,
344 874 463 971 eosque
475 880 684 961 remotiores,
704 885 806 969 (nam
825 894 856 951 in
869 914 999 979 pwfg„
1031 952 1035 964 ,
1061 887 1074 907 '

167 997 239 1044 turn
256 970 321 1042 fieri
337 972 438 1071 potcll
455 1028 464 1057 ,
487 996 603 1041 nnrtuo
624 967 654 1039 se
668 973 828 1063 adjuvent.
865 985 955 1054 Hanc
980 981 1075 1068 ·-·..,¹

168 1069 362 1153 tummodo,
380 1078 413 1137 δι
432 1067 588 1137 tentando
606 1071 770 1136 inveniunt
788 1070 939 1149 tibicines.
975 1092 1020 1154 Sa,
1047 1055 1084 1156 .',
1116 1083 1123 1094 '

167 1163 207 1233 lis
222 1166 400 1259 angulatis,
420 1190 450 1235 v.
476 1158 640 1251 dbisean,
660 1158 774 1229 sonum
790 1160 886 1235 efficit
902 1168 1015 1267 lingula
1037 1212 1044 1251 ·.
1064 1197 1099 1256 ζ..
1195 1197 1200 1209 ·

168 1261 375 1333 determinat.
399 1267 437 1329 In
451 1256 640 1355 quibusdum
654 1255 826 1329 fistularum
840 1262 998 1336 ordinibus
1010 1271 1089 1347 sola,
1195 1274 1219 1298 '‘
1288 1313 1293 1322 ·

168 1380 225 1425 nes
241 1350 286 1423 sui
303 1356 424 1427 elaterii
445 1355 703 1449 longitudinem:
720 1355 877 1424 interdum
891 1379 1029 1431 tonusex
1040 1359 1135 1445 anns
1313 1395 1317 1406 ·

170 1450 239 1521 tubi
255 1508 265 1535 ,
286 1462 318 1524 δι
339 1452 481 1549 lingula.
506 1458 628 1521 Verum
642 1454 675 1517 in
688 1444 758 1543 ipso
775 1454 864 1519 vocis
876 1478 998 1548 organo
1013 1458 1033 1525 *a
1048 1441 1159 1539 nalnns

170 1554 333 1635 occurrit,
356 1550 446 1645 quod
463 1548 678 1616 instrumentis
697 1540 740 1613 ab
762 1566 829 1614 arte
849 1552 1035 1643 excogitatis
1047 1579 1132 1627 omni
1144 1592 1266 1642 es..
1301 1565 1325 1584 ''

170 1665 267 1714 tonus
280 1650 343 1714 oris
356 1643 485 1715 tantrlm
498 1651 532 1714 δι
546 1646 672 1711 narium
686 1644 813 1711 cavitati
828 1638 942 1712 sonum
956 1644 1139 1736 reflenmn,
1152 1632 1206 1731 aul
1219 1696 1274 1738 ιεϊ
1302 1651 1305 1658 ’

170 1743 211 1810 tis
227 1739 358 1824 dicitur,
380 1744 517 1835 quaque
533 1734 647 1807 sonum
664 1731 785 1820 efficit,
801 1744 937 1807 omnino
951 1738 1134 1811 tribuendus
1144 1754 1254 1829 viderur
1271 1725 1318 1820 .',⁰
1371 1755 1380 1768 ¹

170 1839 264 1905 vatiae
282 1859 437 1905 tonorum
450 1831 639 1905 diffitentiae
660 1832 699 1903 ab
721 1831 836 1899 eodem
853 1836 1006 1930 prodeant
1020 1836 1224 1913 instrumento
1245 1907 1254 1936 ,
1273 1835 1307 1927 ’μ
1318 1837 1400 1930 .,'

170 1957 244 2030 pars
258 1932 313 2001 illa
330 1955 400 2026 que
419 1955 514 2001 tonos
527 1923 647 2013 efficit,
661 1951 713 1997 eas
733 1932 928 2001 mutationes
939 1926 1047 2001 subeat
1056 1984 1069 2017 ,
1090 1957 1160 2027 quae
1171 1956 1260 2010 tanta
1271 1923 1390 2032 ῃῃηζ,
1415 1925 1430 1998 j·

170 2052 245 2097 rum
259 2029 460 2125 procreandae
473 2026 544 2096 sunt
557 2025 689 2095 idoneae.
1343 2019 1348 2029 ’
1435 2029 1464 2052 ”

223 2131 338 2197 Tonus
353 2128 459 2220 gravis
477 2124 547 2219 plus
559 2123 639 2189 a'c'ris
650 2124 769 2217 exigit,
787 2118 890 2213 quam
901 2142 1023 2191 acutus·
1049 2120 1377 2211 Tracheasesrdilatar

172 2219 270 2291 trahit
285 2276 295 2303 s
309 2243 345 2288 ut
356 2224 420 2287 aeri
433 2218 568 2314 praebeat
582 2221 702 2285 exitum
715 2251 725 2306 3
739 2216 793 2285 ubi
803 2214 1015 2303 contrahitur,
1032 2214 1147 2285 tubum
1160 2214 1201 2287 ab
1216 2244 1270 2289 ore
1280 2202 1390 2299 tetras
1402 2166 1431 2227 ὰ
1441 2193 1500 2244 ⁹⁶

1380 2263 1426 2331 ¹13
1441 2280 1513 2332 err..

172 2336 222 2385 tta
236 2316 422 2409 producitur
440 2370 452 2399 ,
470 2313 523 2382 ubi
541 2333 636 2380 tonus
650 2314 693 2381 est
710 2315 834 2381 acutior
857 2366 868 2396 ,
887 2333 1025 2404 tumque
1050 2308 1121 2381 finit
1141 2318 1205 2383 oris
1228 2318 1367 2391 canalem
1387 2354 1504 2416 contras

173 2410 256 2479 adeo
272 2432 306 2479 ut
323 2412 355 2476 in
374 2432 430 2478 ote
445 2407 652 2505 produsliore
667 2410 736 2476 toni
757 2411 945 2500 graviores,
960 2414 994 2476 &
1010 2410 1043 2475 in
1066 2404 1207 2477 breviori
1229 2416 1385 2487 acutiores
1402 2384 1524 2513 formas,

173 2506 353 2575 videantur.
389 2512 511 2576 Verum
526 2504 559 2569 id
575 2497 724 2573 observat
750 2507 795 2574 D.
814 2500 940 2573 Dodatt
955 2506 988 2569 in
1005 2526 1046 2571 eo
1065 2507 1177 2587 organi
1194 2512 1385 2601 pneumatici
1406 2521 1509 2596 ordine

173 2605 229 2765 gui
244 2624 358 2669 vocem
379 2598 552 2669 humanam
565 2592 685 2683 refert,
703 2606 837 2689 &cujus
855 2611 970 2666 tonum
981 2594 1046 2667 sola
1060 2594 1161 2669 efficit
1176 2598 1317 2695 lingula.
1340 2604 1451 2679 tubum
1465 2590 1534 2709 pro'.

197 2698 356 2765 nestorem
368 2694 419 2765 sex
432 2694 563 2793 pollices
579 2716 646 2761 non
659 2694 830 2779 excedere,
843 2692 926 2762 adeo
945 2717 981 2764 ut
1000 2716 1115 2764 tonum
1134 2692 1238 2783 ipsuin
1261 2720 1328 2766 non
1353 2698 1445 2793 pnlht
1464 2710 1536 2779 effi.

173 2815 267 2877 cere,
283 2817 342 2863 nec
363 2816 479 2862 cavum
494 2794 558 2859 oris
572 2786 706 2858 humani
724 2844 734 2873 ,
748 2794 954 2883 quantumvis
967 2794 1123 2887 gravioris
1134 2788 1194 2877 lit,
1207 2786 1377 2885 obtuhque
1392 2804 1461 2865 toni
1475 2854 1485 2885 ,
1498 2808 1538 2875 aa

173 2884 225 2957 sex
250 2886 384 2985 pollices
406 2909 494 2985 patet
518 2942 530 2973 ,
560 2908 666 2980 neque
687 2885 768 2955 adeo
789 2908 906 2955 tonum
927 2884 968 2954 ab
991 2888 1029 2957 es
1048 2891 1185 2957 cavitate
1212 2887 1340 2983 prodire
1366 2888 1410 2958 en
1431 2894 1539 2963 verisr.

173 2981 264 3056 mile.

218 3083 289 3153 XI.
321 3078 547 3175 Qramobrem
559 3079 591 3149 id
610 3102 710 3148 unum
726 3074 862 3175 superest
878 3133 889 3163 ,
906 3099 943 3147 ut
960 3074 1117 3173 glottis&
1132 3075 1269 3167 sonum,
1283 3084 1318 3151 δι
1342 3101 1458 3151 ιοιιιιιιι
1469 3080 1542 3153 effi·

173 3178 238 3245 ciat
253 3200 347 3271 penes
362 3180 467 3245 varias
483 3172 535 3266 sue
549 3172 671 3244 rimulae
680 3179 858 3247 varietates.
883 3177 1030 3269 figuram
1045 3176 1192 3244 traslaest
1205 3174 1394 3272 ellipticam,
1406 3202 1546 3273 quaque

172 3272 255 3340 adeo
282 3268 377 3341 facile
403 3270 604 3341 contrahitur
627 3276 660 3340 δι
675 3270 826 3340 dilatatur
847 3270 887 3341 ad
906 3291 1011 3339 certos
1027 3265 1127 3366 usque
1142 3270 1271 3343 limites.
1306 3274 1389 3365 Qso
1409 3275 1544 3367 quidem

173 3368 275 3436 modo
288 3362 404 3436 fibrae
420 3365 537 3461 quibus
549 3386 701 3435 texuntur
716 3374 783 3453 ejus
801 3362 1019 3450 membranae,
1045 3364 1207 3459 longiores
1230 3362 1312 3435 fiunt
1335 3422 1346 3451 ,
1368 3390 1444 3436 cnm
1472 3372 1543 3437 roni

173 3459 246 3532 sunt
262 3466 424 3558 graviores
439 3516 449 3545 ,
464 3483 498 3528 ιιι
509 3457 671 3529 breviores
688 3457 781 3541 sunt,
800 3482 876 3527 curn
897 3464 967 3526 toni
982 3458 1052 3528 sunt
1065 3464 1234 3531 acutiores.
1274 3464 1363 3529 Ttnn
1387 3466 1484 3531 eriam
1507 3486 1545 3531 os

174 3562 208 3628 in
221 3562 306 3627 tonis
316 3552 530 3625 obtusioribus
544 3553 751 3648 producitur,
769 3557 801 3622 in
814 3550 1010 3621 acutioribus
1025 3551 1224 3623 contrahitur
1244 3588 1254 3641 3
1269 3552 1468 3624 reflectiones
1479 3553 1547 3627 suas

173 3676 331 3726 tonorum
348 3653 492 3721 varietati
507 3649 735 3717 accommodat
749 3672 844 3745 penes
855 3646 1000 3741 aliquam
1020 3650 1267 3745 proportionem
1279 3648 1502 3721 harmonicam
1514 3660 1548 3723 &

174 3773 347 3821 remotam.
386 3751 512 3819 Natura
527 3770 598 3839 quae
615 3742 696 3813 nihil
711 3742 846 3843 negligit
860 3800 871 3831 ,
885 3743 945 3813 hos
965 3740 1120 3813 sonorum
1137 3740 1269 3815 resultus
1284 3740 1327 3815 stc
1344 3752 1549 3845 temperavit,

175 3868 212 3914 ut
232 3849 322 3914 vocis
337 3841 481 3913 suavitati
496 3842 658 3913 servirent.

226 3948 258 4013 X
273 3945 323 4013 1¹.
347 3945 387 4011 Et
401 3939 533 4034 quidem
545 3936 707 4035 telescopii
722 3935 844 4009 fabrica
859 3936 945 4008 oculi
959 3939 1149 4009 strusluram
1168 3936 1289 4029 refert,
1314 3966 1350 4011 ut
1365 3938 1440 4012 tuba
1454 3944 1548 4011 andi-

173 4061 225 4112 tus
242 4061 399 4133 organum
419 4068 430 4123 3
445 4059 484 4104 ac
498 4026 654 4104 consimili
669 4034 771 4101 modo
785 4030 899 4105 sonum
913 4057 1030 4131 augent
1045 4060 1054 4103 :
1073 4031 1124 4102 sed
1150 4035 1274 4107 nullum
1300 4040 1549 4109 instrumentum

174 4136 419 4233 pneumaticum
431 4130 472 4201 ab
486 4150 553 4199 arte
567 4126 752 4223 profestum
770 4134 859 4201 vocis
880 4126 1028 4199 humanae
1047 4128 1237 4199 brusluram
1260 4134 1303 4203 hc
1319 4136 1484 4217 imitatur,
1510 4154 1547 4203 uc

175 4252 273 4301 tonos
286 4226 425 4321 ejusdem
442 4235 529 4298 timae
545 4228 725 4294 mutatione
738 4222 868 4295 efficiat·
900 4228 951 4296 Ac
972 4224 1058 4295 nulla
1073 4226 1204 4321 quidem
1218 4234 1352 4300 materia
1373 4226 1486 4325 prelio
1499 4226 1546 4297 est

174 4322 292 4400 artifici
308 4324 391 4393 aeleri
415 4322 549 4406 flexilis,
564 4340 600 4389 ιιι
612 4346 649 4390 ea
664 4322 797 4419 prodeat
810 4318 925 4392 rimula
940 4326 1056 4418 quovis
1073 4346 1243 4394 momento
1256 4322 1299 4395 stc
1312 4322 1493 4407 mutabilis,
1508 4344 1546 4394 ιιι

174 4420 327 4519 qualibet
339 4424 475 4490 variatio
489 4422 588 4489 cuivis
601 4440 683 4487 tono
697 4414 894 4515 respondeat.
930 4424 1130 4514 Quinetiam
1152 4416 1360 4490 confideranti
1385 4440 1545 4510 qnantum

175 4526 266 4589 vocis
277 4521 346 4590 toni
361 4574 370 4603 ,
385 4542 423 4587 ac
439 4511 586 4585 semitoni
599 4568 609 4596 ,
621 4522 655 4585 &t
669 4538 781 4582 omnes
794 4516 955 4609 particnlae
966 4511 1105 4606 ejusdem
1119 4519 1190 4584 toni
1203 4520 1317 4585 variari
1330 4513 1449 4611 polhnt
1461 4570 1471 4599 ,
1483 4539 1545 4583 an-

174 4636 309 4711 tequam
323 4614 363 4685 ad
384 4614 534 4683 oslavam
551 4614 717 4705 perveniat
737 4610 839 4693 ,illud
858 4612 1062 4681 manifestum
1083 4614 1144 4679 etit
1158 4636 1195 4681 ex
1213 4609 1340 4680 calculo
1362 4610 1383 4681 ai
1408 4614 1454 4681 l).
1470 4614 1546 4680 Do-

177 4712 248 4781 datt
260 4716 343 4781 inito
361 4706 535 4792 rimulam,
555 4705 594 4775 de
607 4709 672 4799 qui
685 4704 721 4771 sae
745 4730 762 4773 e
778 4706 944 4803 loquimur
958 4764 968 4792 ,
992 4728 1127 4803 quaque
1140 4711 1184 4777 ita
1199 4707 1243 4775 est
1256 4706 1406 4803 angusta,
1421 4728 1456 4775 ut
1482 4710 1546 4773 mi·

174 4832 239 4885 ttot
253 4802 291 4879 lit
303 4806 391 4881 lineae
404 4802 590 4891 latitudine,
603 4812 695 4897 cujus
710 4730 840 4901 siigulis
856 4808 1032 4877 momentis
1047 4800 1219 4901 longitudo
1212 4804 1467 4968 caiatiam&
1486 4796 1551 4875 elie

1252 4922 1325 4969 ccc
1360 4922 1385 4993 13
