3646 5430
256 294 260 305 '
409 286 755 368 iciunum
796 283 1132 367 HisToRiA.
1168 288 1240 363 [n.
1271 293 1334 369 Vl.
1471 301 1528 394 583

223 388 325 490 Qud
341 411 451 463 autem
468 384 611 462 tetafiat
631 391 788 461 Mercurii
801 385 964 460 dillolutio
1046 382 1141 457 salem
1158 410 1367 460 communem
1378 411 1473 477 ,eum
1484 419 1523 468 ει
1540 386 1629 480 bei
1659 408 1681 471 ἢ

167 506 212 555 eo
225 484 261 556 fit
277 482 474 558 corrostvum
482 482 711 572 sublimatum,
732 480 808 554 ltine
822 487 918 554 etiam
931 508 972 555 co
997 486 1093 580 igitur
1106 538 1117 568 ‚
1132 482 1223 579 qudd
1233 480 1436 557 sublimatum
1445 483 1524 562 illud
1538 486 1632 558 πᾶσι.

166 583 283 652 eodem
309 578 434 680 prorsus
454 583 555 653 modo
572 604 663 677 aquae
684 583 866 653 communis
884 574 1042 651 affirlione
1064 575 1086 646 li
1112 577 1244 660 uescat,
1267 604 1336 676 quo
1353 588 1525 679 argenti&

166 678 321 747 vitriolic
362 677 442 750 stalli
453 673 633 775 liquescunt
648 683 682 749 in
695 674 799 774 aqui,
813 683 848 749 dt
862 680 1039 775 praecipites
1054 602 1173 746 calme
1189 674 1351 748 additione
1362 675 1525 772 alenium,

166 763 221 842 seu
234 771 334 842 volat'
352 779 381 841 ia
391 770 476 856 lint,
492 777 548 844 seu
563 771 722 845 lixivialia.

223 872 295 938 lx.
327 871 414 941 Inter
425 867 643 940 dilloluriones
658 871 814 940 Mercurii
830 865 933 940 sauss
949 889 1005 964 per
1019 862 1167 965 spiritum
1177 861 1249 937 stilis
1269 921 1279 954 ,
1299 874 1336 943 dc
1351 893 1407 968 per
1422 865 1526 941 subli.

167 985 297 1034 matum
315 962 360 1032 est
370 965 543 1060 quoddam
557 960 679 1061 infigne
688 960 880 1049 discrimen,
900 957 1025 1034 tametfi
1045 965 1174 1055 utrique
1192 960 1302 1032 eadem
1322 962 1358 1036 fir
1384 964 1525 1058 sublesta

168 1062 315 1131 materies
330 1113 340 1144 ,
354 1082 470 1156 nempe
479 1059 619 1154 liquidus
633 1063 835 1148 Mercurium
849 1057 961 1129 eadem
972 1058 1016 1128 est
1034 1051 1181 1128 effistrit
1197 1053 1291 1130 causa
1309 1116 1320 1147 ,
1340 1058 1409 1132 salis
1427 1064 1526 1133 nimi·

168 1177 242 1224 rum
257 1161 440 1228 cotnmunis
455 1152 580 1251 spiritus
601 1154 709 1226 acidus
720 1211 730 1238 ,
740 1153 795 1224 ubi
810 1158 930 1226 nitrum
942 1151 1047 1243 abest,
1065 1160 1100 1225 dt
1113 1151 1289 1230 vitriolum.
1312 1161 1402 1229 Nam
1412 1179 1448 1228 ur
1460 1179 1527 1230 una

168 1248 327 1319 Mercurii
339 1255 433 1321 uncia
445 1250 557 1349 spiritu
570 1246 640 1322 salis
657 1246 862 1334 diffolvatur,
881 1270 1020 1344 quatuor
1037 1271 1093 1321 aut
1111 1252 1255 1344 quinque
1276 1247 1432 1322 mendum
1452 1249 1528 1350 spa.

167 1347 250 1415 tium
267 1346 480 1440 impenditur3
494 1366 529 1416 ur
540 1342 724 1416 dilloltatut
738 1369 794 1442 per
807 1340 1092 1431 sublimatumuni
1103 1342 1182 1413 hora
1195 1344 1227 1413 id
1240 1343 1412 1441 perficitur.
1424 1347 1527 1445 Cujus

168 1441 214 1510 rei
227 1441 399 1512 eavidetur
412 1447 518 1528 ratio,
536 1443 626 1539 qudd
644 1443 827 1512 Mercurius
840 1463 916 1511 cum
935 1435 998 1510 sale
1019 1442 1187 1513 communi
1206 1440 1391 1536 permistus,
1402 1449 1528 1543 ignisti

166 1538 202 1606 in
214 1532 341 1605 fumum
351 1532 516 1622 efferatur,
526 1531 577 1608 seu
588 1543 621 1608 in
635 1557 739 1635 partes
751 1535 928 1607 admodum
937 1532 1043 1623 exiles,
1057 1542 1295 1622 &attenuaras‚
1304 1560 1370 1634 que
1384 1541 1526 1637 undique

166 1629 321 1701 involuta
333 1631 374 1702 ab
387 1634 480 1704 acido
498 1630 567 1705 salis
580 1658 645 1704 una
658 1655 736 1704 cum
757 1632 914 1702 Mercurii
927 1655 1046 1727 vapore
1059 1625 1204 1718 sublato,
1224 1630 1331 1703 statim
1346 1629 1525 1707 diffolvun-

167 1746 220 1797 tur
234 1784 242 1812 ,
254 1728 344 1821 qudd
358 1750 428 1800 rora
441 1733 596 1800 Mercurii
611 1726 725 1812 moles,
738 1723 825 1823 quad
841 1731 874 1796 in
884 1718 1145 1822 superficies,aur
1160 1726 1331 1822 particulas
1342 1749 1524 1817 extenuata,

165 1845 266 1915 arque
281 1845 318 1892 ex
334 1829 425 1895 omni
447 1844 535 1922 parte
559 1844 746 1922 oppugnata
771 1819 813 1892 ab
833 1819 927 1894 acido
949 1816 1041 1891 simul
1065 1816 1188 1892 sublata
1208 1843 1276 1893 tam
1301 1827 1368 1894 cito
1404 1824 1525 1898 exsolvi

167 1915 284 2015 polilt,
302 1914 877 2014 quamunaatomus,autmolecula
903 1918 1072 1991 Mercurii.
1105 1916 1167 1986 Sed
1192 1921 1225 1988 in
1272 1920 1348 1988 riori
1364 1916 1526 1991 solutione

166 2038 235 2084 non
249 2019 334 2086 idem
349 2018 478 2101 evcnit,
499 2012 557 2086 ubi
574 2017 754 2085 Mercurius
780 2011 801 2081 li
827 2010 918 2082 uidua
939 2009 1091 2083 infundo
1108 2007 1188 2082 vasis
1206 1942 1384 2085 dilolventi
1411 2016 1525 2088 itidem

166 2108 294 2206 liquido
308 2108 464 2203 snbjedlus
481 2132 592 2182 manet
606 2167 616 2198 ,
631 2133 690 2181 nec
703 2108 724 2178 a
735 2038 921 2179 diilrllvenre
934 2109 1087 2205 tangitur,
1098 2102 1154 2177 nili
1174 2111 1207 2178 in
1223 2107 1336 2203 exigui
1347 2105 1395 2181 sui
1414 2133 1525 2209 parre,

167 2227 209 2274 ac
225 2206 363 2275 multum
372 2211 526 2301 temporis
544 2209 727 2299 requiritur,
738 2226 775 2273 ut
786 2227 851 2273 una
866 2199 949 2273 illius
958 2197 1136 2298 superficies
1174 2203 1221 2274 ost
1231 2200 1366 2276 alteram
1381 2205 1423 2278 ab
1430 2207 1525 2280 acido

166 2297 297 2463 ligugre
309 2295 395 2409 affici
408 2308 442 2374 dr
453 2296 570 2371 exsolvi
581 2295 698 2398 pollit,
711 2300 809 2396 idque
827 2301 965 2368 maxime
978 2319 1054 2366 cum
1066 2227 1235 2370 dissolvens
1246 2295 1411 2374 vimsuam
1418 2308 1526 2376 minut

168 2417 234 2464 tar
256 2415 396 2467 errent.

223 2491 406 2600 Mercurius
419 2492 452 2560 in
470 2483 675 2561 sublimatum
701 2486 900 2562 corrosrvum
920 2489 1066 2563 redadlus
1093 2488 1195 2587 quim
1215 2487 1370 2605 facillime
1390 2489 1525 2568 solvitur

168 2581 479 2752 illilliilll:
490 2582 1528 2777 nillilrilimillilzlilllluillllrillllff

167 2774 270 2846 tales:
286 2799 360 2846 nam
377 2799 439 2848 una
452 2800 529 2847 cum
541 2771 712 2848 sublimato
726 2777 878 2874 permistae
893 2774 978 2849 fiunt
990 2777 1120 2874 regales.
1162 2785 1284 2852 Verum
1300 2779 1331 2848 id
1344 2784 1463 2855 mirum
1475 2785 1529 2853 vi.
1550 2808 1552 2813 ·

166 2871 234 2940 deri
254 2872 357 2969 potest
378 2872 571 2969 vegetalium
593 2867 719 2969 spiritus
739 2872 870 2956 acidos,
916 2877 948 2942 ui
968 2872 1101 2960 ferrum,
1119 2898 1275 2972 cuprum,
1297 2882 1331 2946 dr
1357 2874 1530 2972 plumbum

167 2966 322 3052 exedunt,
340 2965 545 3039 sublimatum
561 2961 760 3039 corrostvum
779 2991 846 3037 non
865 2898 1008 3056 solvere,
1022 2964 1079 3039 nisi
1093 2966 1133 3039 sal
1151 2974 1372 3042 ammoniacus
1389 2970 1439 3045 his
1459 3028 1471 3060 ,
1492 2993 1530 3046 ut

166 3085 263 3131 aceto
276 3062 425 3134 distillato
438 3058 617 3147 accell'erit,
630 3065 686 3158 qui
699 3060 870 3133 sublimato
887 3066 1055 3133 Mercurio
1064 3064 1109 3135 est
1121 3061 1233 3136 affinis·
1265 3069 1317 3135 An
1327 3065 1412 3138 forte
1422 3088 1531 3165 partes

169 3157 315 3249 quaedam
330 3156 446 3230 oleosae
465 3165 499 3230 dt
534 3162 644 3253 ingues
665 3160 699 3227 in
720 3180 813 3228 aceto
827 3154 1008 3254 supersunt,
1031 3183 1109 3253 quas
1124 3158 1166 3231 sal
1180 3166 1402 3233 ammoniacus
1415 3159 1530 3235 absor.

169 3248 243 3323 ber:
269 3263 299 3320 d·
315 3253 446 3349 quidem
460 3183 550 3324 nullo
564 3275 645 3418 ugus
659 3252 704 3322 est
716 3254 810 3322 acido
824 3276 860 3323 ut
868 3251 1074 3326 sublimatum
1083 3250 1443 3350 corrofivumsolratur,
1451 3284 1528 3332 cum

168 3348 202 3416 io
217 3349 301 3442 aqud
316 3353 484 3419 communi
495 3372 563 3419 ram
590 3348 671 3421 acile
684 3346 847 3443 liquescat·

216 3446 260 3516 X.
287 3448 351 3514 Die
364 3442 477 3537 7Julii
489 3448 565 3512 anni
580 3466 674 3528 r7oo·
693 3447 737 3512 Ι).
754 3440 928 3538 Homberg
941 3437 1177 3514 observationes
1192 3439 1259 3515 suas
1274 3450 1358 3516 eirca
1371 3450 1529 3520 Mercurii

167 3534 368 3612 dillolventia
386 3560 485 3632 quam
509 3542 574 3629 jam
593 3558 667 3606 ante
687 3534 798 3631 legere
820 3538 1017 3631 incoeperar,
1033 3541 1245 3610 continuavit.
1279 3543 1318 3610 Er
1342 3541 1473 3637 quidem
1493 3548 1530 3617 in

168 3637 269 3734 priori
284 3633 401 3730 scripro
411 3639 475 3724 jam
490 3631 665 3702 ostenderat
678 3627 880 3700 mineralinm
890 3631 986 3701 acidis
1002 3628 1230 3726 cujuscumque
1240 3634 1528 3724 ellenrnaturae,als

168 3730 240 3805 aliis
253 3733 358 3811 citius,
368 3727 410 3797 ab
423 3725 494 3797 aliis
504 3729 621 3798 tardius
630 3749 705 3796 eum
720 3718 1005 3820 dillolvi3quaedam
1019 3730 1177 3829 integram
1185 3723 1313 3802 efficere
1321 3726 1528 3822 solutionem,

168 3829 231 3898 alia
248 3850 314 3894 non
334 3829 424 3910 item,
446 3823 498 3895 led
511 3821 676 3918 quoddam
694 3816 905 3892 sedimentum
919 3825 954 3892 in
967 3819 1069 3893 fundo
1080 3815 1159 3892 valis
1171 3821 1450 3922 relinquere,quod
1461 3829 1528 3902 dis·

167 3919 250 3992 solvi
265 3924 389 4014 nequit.
420 3924 465 3992 Ex
482 3942 550 4014 quo
568 3915 645 3987 illud
662 3913 793 4012 collegit
812 3914 1043 4014 hydrargyrum
1053 3942 1121 3988 non
1135 3913 1197 3989 elle
1206 3926 1299 3992 unius
1309 3925 1526 4023 modi‚neque

167 4027 355 4186 le'juslgunes
365 4038 488 4182 emergisu
496 4012 556 4085 effe
567 4010 808 4177 hogifiogeoeats,
827 4036 865 4080 ac
876 4009 946 4082 fore
957 4035 991 4123 ur
1008 4037 1047 4084 et
1061 4012 1132 4087 aliis
1148 4035 1281 4111 quoque
1293 4015 1527 4093 observationi-

308 4135 326 4180 c
381 4120 411 4180 η’
491 4134 558 4180 ram
572 4131 612 4177 co
660 4128 760 4175 rmare
777 4128 946 4182 ,tumtece
980 4129 1006 4181 r.

193 4135 305 4280 usUrlll
313 4135 684 4277 excllslobservationibur
700 4199 832 4295 longam
852 4209 887 4274 δι
904 4130 1073 4276 mellestam
1086 4208 1309 4299 operationem
1318 4208 1362 4280 est
1373 4206 1527 4285 consecu·

166 4329 201 4380 ea
219 4328 346 4401 ,quam
362 4301 508 4374 distinete
521 4318 780 4382 commemorat,
794 4320 932 4394 eamque
948 4321 1033 4369 nunc
1047 4304 1228 4370 omittimus
1244 4356 1255 4389 ,
1270 4305 1359 4401 quod
1377 4329 1527 4401 excerpta

168 4398 421 4486 tantummolo,
436 4421 502 4466 non
521 4392 748 4467 dissertationes
758 4395 897 4491 integras
910 4394 1179 4466 Academicorum
1197 4401 1379 4495 ingratiam
1400 4402 1526 4498 potiffr.

170 4524 260 4570 mum
282 4517 464 4565 exterorum
476 4490 599 4562 tradere
619 4487 777 4573 velimus,
795 4511 870 4558 cum
881 4488 1037 4583 ejusmodi
1052 4485 1166 4590 scripta
1187 4497 1221 4562 in
1244 4496 1385 4567 Historil
1400 4497 1524 4570 Gallici
1617 4524 1622 4530 ·

169 4595 361 4665 diuidere&
380 4586 536 4687 explicate
555 4585 670 4655 tradita
690 4580 1012 4662 habeanturstmma
1026 4584 1093 4671 est,
1107 4586 1208 4684 reguli
1218 4592 1331 4662 Martis
1344 4599 1377 4663 dt
1392 4599 1529 4667 Venerit

165 4712 245 4765 curu
263 4689 462 4788 hydrargyro
471 4679 653 4787 amalgama
661 4676 730 4755 ficri
740 4732 753 4770 ,
774 4680 865 4781 quod
879 4704 964 4782 aqua
975 4677 1160 4759 calidarum
1179 4682 1236 4758 diu
1250 4683 1420 4778 abluitur,
1446 4689 1524 4807 dum
