3646 5430
291 411 345 458 att
536 392 541 397 '
629 381 828 456 Recte
889 377 1340 452 SCIENTIARUM

158 487 277 562 lus.
335 487 395 559 Vl.
419 485 485 556 Die
504 484 540 554 18
567 481 701 568 Augusti
722 478 821 549 altera
837 478 933 547 Luna
963 471 1133 572 Eclipfisal
1160 477 1206 550 D.
1226 479 1270 547 D.
1298 472 1454 565 Caffini,
1481 480 1598 554 Pienrd
1621 489 1658 564 ει·

159 592 249 660 1682.
291 580 329 649 de
348 580 378 650 la
395 585 479 653 Hire
496 578 558 650 fuit
572 558 762 661 observata,
786 599 857 670 quae
870 576 1006 666 incepit
1026 594 1119 640 mane
1143 567 1223 642 hora
1250 597 1286 656 4.
1309 591 1348 646 26
1367 576 1446 643 mirr-
1466 598 1544 647 cum
1556 603 1655 651 occu·

291 671 361 744 buit
376 731 386 760 ,
401 687 466 770 jam
481 697 551 774 pars
565 676 657 743 tertia
670 671 815 742 diametri
828 666 889 742 suae
902 691 969 739 erat
982 659 1172 755 obscurata,
1184 665 1242 740 sol
1258 666 1385 741 nonnisr
1397 671 1561 767 pollodlo
1571 672 1658 770 hora

292 773 421 843 minuta
443 770 600 869 appatuit.
783 772 788 777 ’

339 873 412 938 Vll.
449 873 511 937 Die
533 892 581 938 22.
603 871 647 937 D.
664 863 785 936 Callrni
810 863 930 936 litteras
953 860 1120 956 accepita
1146 862 1193 935 D.
1209 860 1318 932 Desha
1342 884 1374 930 es
1394 864 1428 930 in
1457 867 1576 936 Goraea
1604 870 1657 941 in.-

293 956 358 1031 sula
389 987 489 1062 prope
511 963 621 1034 Viride
644 965 907 1057 promontorium
932 953 1076 1051 scriptas.
1100 954 1250 1028 Altitudo
1269 886 1341 1027 Poll
1363 955 1447 1028 illius
1475 956 1587 1032 lnsulae
1614 989 1652 1044 ex

294 1058 391 1128 corde
406 1060 524 1129 Leonis
539 1053 705 1128 observata
722 1058 766 1127 est
790 1083 830 1152 ¹4
850 1082 898 1153 gr.
926 1056 964 1141 38
982 1054 1060 1120 min·
1076 1077 1115 1122 ex
1134 1051 1219 1122 stella
1240 1051 1346 1123 Polari
1375 1079 1416 1147 ¹4
1438 1079 1488 1153 gt·
1515 1070 1552 1142 36
1576 1063 1646 1146 min,

293 1158 402 1224 minor
428 1183 466 1238 ιο
488 1158 566 1227 min.
584 1178 683 1246 quam
698 1152 813 1225 tabulae
831 1149 1004 1250 delignent.
1046 1151 1131 1246 Qae
1154 1143 1333 1218 differentia
1354 1149 1461 1221 multo
1482 1157 1642 1228 minoret

128 1240 133 1249 ’
149 1288 160 1311 ·
293 1272 331 1318 ea
349 1275 420 1344 quae
433 1255 466 1320 in
479 1254 561 1321 mari
577 1251 815 1319 Mediterraneo
830 1269 952 1345 reperta
965 1243 1049 1331 fuit,
1066 1244 1156 1340 quod
1180 1247 1275 1314 matis
1295 1248 1416 1316 lntetni
1431 1247 1575 1320 naucleri
1587 1253 1641 1335 rni-¹

292 1367 352 1414 nus
370 1345 429 1417 srnt
448 1351 481 1417 in
505 1347 664 1441 capiendis
678 1342 894 1415 altitudinibus
908 1344 1083 1413 exercitati.
1681 1382 1684 1429 Ι

344 1446 435 1515 Vlll.
468 1448 609 1514 Exeunte
620 1439 685 1512 hoc
696 1436 802 1510 mense
812 1443 952 1512 Cometa
964 1440 1110 1531 appatuit
1124 1432 1181 1505 sub
1193 1429 1285 1508 Ursae
1297 1432 1562 1527 constellatione,
1576 1452 1639 1537 pau:
1682 1464 1685 1477 ·

293 1540 339 1606 cis
359 1539 428 1628 post
442 1537 550 1609 diebus
567 1535 701 1634 publicae
713 1534 936 1631 gratulationis
955 1529 1025 1601 felli
1049 1534 1138 1625 ignes
1161 1536 1195 1601 in
1209 1534 1389 1602 Nativitate
1399 1528 1547 1609 Serenill]
1568 1540 1638 1610 But·

293 1631 418 1729 gundiae
441 1636 541 1705 Ducis
557 1630 677 1702 accenfi
697 1631 835 1705 fuerant.
868 1631 905 1699 ld
919 1651 997 1697 vero
1022 1627 1248 1699 animadvertit
1274 1629 1321 1701 D.
1343 1628 1457 1700 Picatd
1477 1627 1638 1732 aKeplero

294 1734 459 1800 memoria
473 1728 659 1799 mandatum
676 1731 850 1801 Cometem
864 1749 950 1797 anno
971 1740 1003 1792 rs
1009 1749 1054 1810 07
1078 1723 1129 1793 die
1150 1734 1192 1797 26
1214 1720 1411 1819 Septembris
1427 1728 1536 1839 Pragae
1551 1723 1639 1798 ιὶίιιιι

291 1819 374 1907 elle,
400 1848 475 1896 curn
489 1830 577 1922 ignes
596 1847 729 1919 quoque
745 1829 778 1893 in
795 1822 928 1914 publica
949 1817 1062 1891 laetitiae
1082 1839 1309 1916 argumentum
1328 1821 1364 1886 in
1386 1826 1538 1918 compitis
1557 1822 1639 1894 luot-

291 1939 363 1988 rent
385 1945 394 1991 ι
418 1918 655 1991 obstruationes
667 1920 759 2010 hujus
782 1915 966 1988 Cometaed
988 1913 1019 1984 se
1043 1910 1144 1986 fades
1166 1938 1242 1985 cum
1264 1913 1417 2011 adjuncta
1440 1911 1640 1992 differtatione

293 2017 341 2086 D.
367 2015 511 2086 Callinus
530 2017 615 2110 Regi
640 2011 906 2086 Clrrillianillimo
922 2006 1052 2082 obtulit.

354 2116 423 2182 lX.
463 2114 575 2182 Paucis
586 2132 660 2179 ante
673 2105 889 2193 diebus,nem
948 2133 976 2200 ¹5
991 2106 1215 2196 Novembris,
1234 2130 1300 2202 qua
1312 2109 1438 2178 ratione
1448 2112 1582 2183 veneris
1595 2136 1642 2212 pa·

292 2202 418 2275 rallaxis
440 2202 611 2289 habeatur,
634 2203 688 2275 ubi
702 2227 776 2272 cum
790 2202 878 2274 stella
891 2130 951 2272 lla
964 2204 998 2270 in
1018 2199 1133 2272 eodem
1148 2201 1302 2298 parallelo
1315 2209 1480 2285 occurrit,
1497 2229 1641 2281 ιιιιοιιιιιι

291 2296 436 2396 exposuit
453 2355 464 2385 ,
478 2307 567 2390 cujus
580 2306 778 2371 mentionem
798 2297 918 2370 fecerat
932 2300 966 2367 in
985 2298 1124 2368 trastatu
1137 2297 1226 2370 edito
1239 2298 1279 2368 de
1302 2301 1445 2371 Cometa
1458 2305 1538 2371 anni
1560 2308 1641 2377 reto.

293 2395 384 2466 Cum
403 2398 491 2467 enim
514 2403 623 2468 Venus
639 2394 747 2468 fumea
764 2392 840 2466 elles
853 2392 1050 2494 petigaeadie
1066 2417 1081 2481 3
1095 2392 1255 2466 Februarii
1270 2397 1335 2485 ,ad
1351 2393 1438 2468 hanc
1452 2393 1641 2478 observatias

292 2512 368 2560 nem
383 2488 414 2562 se
427 2495 593 2656 accingere
612 2490 728 2566 voluit.

346 2593 391 2659 X.
423 2591 472 2657 Eo
489 2591 558 2685 ipo
584 2608 731 2683 tempore
750 2582 987 2660 observationes
1006 2592 1040 2658 in
1063 2589 1179 2658 Goraea
1204 2580 1304 2659 insula
1328 2590 1350 2659 ὲ
1372 2589 1419 2662 D.
1447 2591 1493 2664 D.
1516 2590 1610 2663 varin
1631 2612 1644 2682 ς

260 2682 264 2690 ’
291 2681 457 2778 Deshayes
470 2689 503 2752 dc
516 2682 557 2750 du
575 2679 656 2752 Glos
674 2707 794 2781 magno
807 2683 908 2752 studio
921 2680 1021 2755 factas
1035 2703 1228 2780 acceperat,
1257 2706 1329 2776 quae
1351 2687 1456 2754 varias
1482 2684 1569 2758 Solis
1597 2684 1643 2758 al·

290 2776 441 2848 titudines
453 2783 570 2848 ante&
584 2779 654 2874 post
664 2780 830 2848 meridiem
842 2803 899 2855 ,ac
910 2776 1073 2875 plerasque
1085 2780 1119 2846 in
1130 2773 1196 2873 ipsa
1218 2778 1349 2849 meridie
1370 2771 1532 2876 sumptas,
1548 2784 1643 2853 Luna

290 2894 425 2966 quoque
447 2926 457 2956 ‚
485 2894 524 2941 ac
545 2874 759 2968 quarumdam
781 2871 914 2944 fixarum
933 2871 1114 2945 altitudines
1131 2873 1338 2957 meridianas,
1365 2871 1578 2947 insertiones
1607 2885 1642 2949 de

290 2963 479 3036 emetfiones
494 2970 588 3062 primi
613 2965 756 3040 satellitis
773 2967 992 3044 continebant.
1029 2964 1177 3059 Eiusdem
1203 2966 1343 3039 satellitis
1365 2964 1499 3068 Ecliples
1520 2969 1642 3047 colun

289 3083 366 3131 cum
381 3065 418 3129 iis
457 3085 503 3130 uae
515 3063 648 3135 Lutetiae
658 3063 783 3137 fuerant
798 3059 991 3151 observata,
1009 3065 1260 3137 meridianorum
1270 3061 1486 3138 differentiam
1497 3071 1643 3145 Gerasam

290 3158 458 3322 illido.
472 3158 1043 3328 ‘llllllol'llllllllllilld‘
1061 3158 1642 3332 ll53³¹¹⁹a⁸r⁶us⁴lnl⁶⁶blffl

286 3273 413 3419 dberrat
428 3344 471 3418 ab
484 3371 521 3417 ea
541 3374 611 3444 quae
624 3281 688 3423 felic
698 3349 874 3425 observata.
913 3355 1003 3447 Quin
1017 3285 1050 3424 dt
1064 3280 1266 3422 latitudigtlem
1278 3313 1414 3423 eandem
1432 3353 1560 3454 prorsus
1571 3378 1639 3431 tum

287 3439 452 3554 obseruata
470 3439 609 3542 defignat
624 3471 665 3541 ¹4
681 3473 730 3547 gr.
750 3477 797 3538 40
829 3452 908 3522 min.
942 3448 1045 3521 AEstus
1061 3450 1157 3517 matis
1177 3475 1194 3542 5
1216 3447 1562 3546 pedumaltitudinem
1577 3474 1638 3525 uon

290 3540 426 3705 sugg.
447 3635 489 3706 ad
513 3637 651 3709 Antillas
672 3637 909 3754 ριιιιειιὶίΐιιιιἰ
920 3645 954 3712 in
974 3637 1074 3753 insula
1091 3635 1190 3751 uulgo
1215 3638 1249 3704 la
1274 3634 1475 3754 Gardelfupe
1497 3642 1580 3716 didb
1596 3641 1638 3716 la

285 3732 1458 3932 {llllll..i;l.ll”lt..³li”ssll.?5;lll·.l'l{“2².l‘¹¹.l‘
1471 3735 1637 3910 llll

286 3919 679 4115 tudll’drlddldlongitudo
699 3997 829 4092 brevior
854 4024 975 4096 duabus
1004 4021 1096 4094 lineis
1116 4020 1161 4096 ibi
1180 4030 1311 4096 inventa
1334 4048 1435 4121 quarn
1455 4024 1492 4095 in
1517 4024 1568 4098 bis
1587 4044 1632 4099 ιιι·

286 4111 450 4208 gionibus.
493 4116 702 4209 Quinetiam
727 4118 952 4219 D.Deshayes
978 4124 1158 4193 Barometri
1181 4122 1360 4193 altitudines
1381 4123 1486 4192 nodlu
1507 4133 1633 4219 majore

283 4203 346 4277 elle
377 4232 477 4306 quam
503 4211 542 4279 de
573 4209 625 4278 die
655 4240 667 4299 3
703 4237 759 4284 aut
786 4246 810 4303 4
836 4212 925 4286 lineis
950 4221 1136 4314 comperit,
1166 4219 1263 4312 idque
1284 4215 1441 4287 constanti
1465 4215 1537 4318 lege
1558 4245 1568 4293 ι
1592 4223 1632 4291 ita

284 4326 320 4374 ut
344 4309 521 4374 Barometri
545 4312 580 4377 δι
605 4306 849 4383 Thermometri
880 4310 1060 4384 alternatim
1087 4307 1147 4380 fint
1173 4327 1309 4402 majores
1330 4311 1513 4386 altitudines
1532 4343 1544 4389 ι
1563 4338 1631 4388 nam

281 4403 316 4470 in
343 4399 426 4475 Ther
435 4425 598 4472 mometro
617 4400 743 4501 spiritus
761 4409 829 4475 vini
850 4407 944 4477 altius
968 4406 1125 4478 attollitur
1140 4409 1179 4477 de
1201 4411 1276 4493 die,
1304 4415 1338 4480 in
1358 4409 1551 4483 Barometro
1574 4410 1632 4509 by·
1684 4470 1687 4509 ,

281 4496 351 4566 drar
375 4521 451 4593 yrus
471 4495 516 4567 est
536 4496 734 4597 depteffior:
759 4527 832 4598 quae
850 4502 1049 4602 inaequalitas
1061 4508 1096 4572 in
1117 4505 1232 4576 nostris
1249 4501 1433 4606 regionibus
1446 4529 1516 4578 non
1526 4507 1631 4606 depta-

280 4520 441 4667 bendltur.

341 4690 440 4759 Circa
462 4690 551 4762 allus
581 4697 680 4764 maris
699 4718 768 4764 non
796 4703 901 4789 major
921 4717 1044 4792 reperta
1071 4696 1115 4765 est
1139 4692 1315 4770 differentia
1341 4722 1443 4793 quarn
1590 4720 1630 4777 nt.
1686 4774 1688 4779 ,

281 4780 397 4870 Multis
418 4811 552 4889 quoque
572 4793 732 4890 magnetis
743 4795 934 4868 variationes
950 4796 986 4870 in
1005 4790 1069 4867 luc
1085 4818 1186 4894 parva
1197 4793 1442 4902 iulubfuetrmt
1454 4700 1631 4888 alama,
