3646 5430
487 338 811 467 tenorum
847 355 1149 466 ursronrn.
1187 359 1302 439 [ιιι.
1516 313 1568 464 ⁷29

214 440 279 536 etl,
300 465 345 519 ue
359 441 453 517 fottd
470 443 565 539 hujus
584 468 666 518 vires
691 468 917 544 evaporatione
938 450 1161 552 infringantur.
1191 462 1238 528 lta
1252 463 1384 556 quidem
1402 463 1567 539 videbatur

211 549 256 617 D.
270 545 315 657 du
330 542 436 629 Clos,
451 546 508 654 qui
522 566 595 611 eam
616 564 735 652 aquam
756 549 981 644 perpurgando
991 544 1136 649 sanguini
1160 562 1195 626 dt
1215 552 1391 630 humorum
1407 564 1565 659 putredini

211 640 404 739 comgendae
422 637 539 711 utilem
554 634 616 708 elle
630 635 837 711 existimabat.

221 840 1552 884 .-----...-........-.,,-

618 969 948 1056 entur
1051 986 1152 1082 vr.

279 1184 463 1302 Qudne
490 1182 583 1266 cirta
609 1179 713 1261 calcis
729 1187 1020 1407 prgpaeraetimem
1051 1191 1192 1304 Pbyſsrt
1226 1190 1484 1303 obfirvarionn

726 1322 792 1410 per
817 1324 1016 1410 nugantur.

210 1498 283 1665 LI
294 1497 429 1566 Ncunte
452 1516 538 1563 anno
556 1495 651 1565 ³668.
670 1495 719 1561 vir
732 1492 765 1559 in
778 1488 919 1588 Physicis
937 1497 1099 1588 eruditus,
1118 1507 1153 1576 dt
1172 1506 1206 1572 in
1220 1491 1444 1574 Architecluta
1460 1529 1550 1576 exer·
1567 1525 1623 1595 D,
1682 1555 1686 1564 .

290 1594 412 1662 citatus
439 1589 608 1660 uallatum
632 1589 672 1658 dc
701 1590 824 1752 optima
849 1588 944 1660 calcis
961 1600 1191 1688 preparatione
1211 1593 1417 1690 conscripsit,
1451 1626 1547 1697 quem
1564 1621 1664 1695 “1054

206 1687 383 1762 'Arademiae
397 1683 644 1763 examinandum
659 1708 722 1780 prae
746 1686 803 1754 uit.
831 1687 938 1776 Hujus
949 1710 986 1756 ea
1006 1682 1128 1761 summa
1148 1715 1216 1762 erat
1229 1748 1240 1778 ‚
1253 1691 1375 1762 calcem
1390 1701 1548 1791 optimam
1655 1691 1664 1706 ⁴

204 1783 307 1858 dssto
319 1784 449 1852 duriore
460 1787 526 1872 jam
536 1777 590 1846 diu
607 1780 625 1849 d
644 1800 724 1874 rupe
740 1797 795 1846 aut
809 1774 920 1846 fodina
938 1777 1064 1867 exciso,
1084 1809 1145 1856 nec
1166 1785 1381 1882 congelationi
1406 1788 1549 1861 obnoxio

201 1885 299 1979 parari
313 1901 475 1975 oportere.
502 1870 571 1946 Ubi
586 1876 680 1944 cocle
693 1872 758 1956 cst,
772 1875 951 1958 recentior,
967 1877 1073 1970 gravis
1092 1885 1125 1947 dc
1142 1876 1257 1948 sonora
1269 1881 1430 1952 vetustiori
1446 1893 1479 1955 dt
1501 1885 1549 1954 le-

201 1982 277 2046 riori
300 1967 516 2071 preferenda,
534 1970 622 2061 quod
639 1988 741 2066 partes
754 1961 868 2036 habeat
887 1969 1004 2039 arelius
1022 1967 1095 2039 colli
1118 1996 1185 2043 atas
1210 2007 1220 2059 ;
1241 1996 1317 2042 cum
1332 1981 1548 2075 extinguitur,

203 2070 239 2142 stt
276 2075 359 2140 itum
378 2068 451 2139 edat
470 2121 481 2151 ‚
504 2087 580 2132 cum
602 2062 701 2135 furnis
721 2056 928 2147 tffirvtscat,
945 2064 1083 2134 ettinsta
1097 1996 1266 2139 bumidior
1288 2064 1324 2136 fit
1342 2125 1353 2155 ‚
1371 2075 1548 2170 pinguis&

205 2190 252 2234 orn
277 2166 345 2246 da,
372 2162 462 2258 quod
478 2156 539 2230 sale
557 2178 628 2228 turn
639 2153 778 2228 abundet
789 2151 960 2255 sulphureo
972 2213 983 2247 ,
997 2166 1031 2232 dt
1050 2155 1156 2239 subtili
1171 2165 1313 2262 quodam
1325 2160 1462 2239 humore
1475 2192 1549 2241 tan-

203 2283 292 2355 quam
307 2260 431 2356 glutine
445 2277 548 2355 partes
556 2252 788 2328 devinciantur.

243 2384 269 2430 t·
310 2356 401 2425 Cum
419 2375 528 2424 autern
549 2346 618 2418 calx
641 2344 678 2420 iit
699 2348 860 2419 sttuelurae
885 2354 993 2420 omnis
1017 2357 1052 2422 δι
1070 2350 1169 2422 firmae
1195 2362 1228 2426 dt
1252 2352 1361 2432 ‚solida
1383 2359 1471 2433 velut
1488 2361 1546 2432 fir·

204 2445 512 2532 nuntentum,illud
535 2448 553 2516 ὲ
578 2467 611 2512 te
632 2448 800 2516 communi
822 2438 907 2513 foret
934 2498 945 2528 ‚
968 2442 991 2512 fi
1018 2444 1138 2543 lapides
1165 2449 1291 2518 calcarii
1311 2453 1398 2542 iique
1427 2463 1545 2551 optimi

202 2550 361 2620 Lutetiam
374 2539 527 2640 asportati
537 2546 568 2611 in
587 2535 688 2612 furnis
705 2538 746 2608 ad
760 2536 842 2607 hanc
854 2562 923 2607 rem
936 2540 1058 2609 idoneis
1071 2562 1348 2636 excoquerentur:
1372 2563 1442 2615 tum
1455 2555 1544 2623 enim

204 2642 409 2737 oblongius
423 2633 590 2708 rnnsveeta
611 2640 679 2706 vim
698 2629 788 2703 suam
808 2657 874 2703 non
889 2634 1093 2729 deperderet,
1116 2632 1187 2731 plus
1209 2633 1339 2706 haberet
1359 2633 1428 2709 salis
1454 2697 1464 2729 ,
1486 2665 1544 2713 ea.

196 2763 262 2832 que
279 2738 363 2807 adeo
382 2759 456 2806 cum
469 2734 582 2822 majori
598 2753 700 2800 atenae
723 2734 817 2827 copia
844 2733 1011 2827 compingi
1030 2725 1130 2828 pollet
1151 2787 1162 2819 ,
1188 2755 1292 2827 neque
1314 2755 1351 2802 ea
1374 2741 1542 2810 evenirent

199 2830 396 2904 incommoda
411 2854 482 2925 quae
495 2823 532 2897 sae
592 2827 610 2896 ὲ
634 2825 727 2896 calcis
739 2827 915 2924 penuriaiu
935 2823 1093 2900 strudura
1113 2822 1321 2896 edificiorum
1337 2825 1541 2928 consequun-

193 2949 259 3017 tur,
284 2927 341 3000 ubi
366 2921 505 3024 gypsum
530 2851 607 2997 lbeco
626 2923 722 2990 calcis
745 2917 912 2991 adhibetur
935 2974 947 3004 ,
968 2920 1050 2990 adeo
1074 2943 1110 2991 ut
1136 2919 1266 2993 aedificia
1294 2920 1357 3008 ssnt
1382 2922 1540 3000 brevioris

197 3029 268 3102 evi,
286 3031 321 3096 dt
344 3027 413 3094 cito
429 3016 587 3093 fatiscant,
622 3020 703 3113 Qu
718 3015 787 3114 plus
803 3015 846 3083 est
867 3007 937 3083 salis
951 3010 1003 3084 firi
1030 3019 1065 3086 in
1088 3016 1117 3086 la
1142 3015 1276 3102 idibus,
1307 3016 1373 3089 hoc
1395 3019 1540 3097 duriores

192 3115 256 3191 sunt
272 3127 306 3190 dt
320 3121 484 3218 graviores
496 3172 508 3203 ,
521 3140 597 3184 nam
611 3115 775 3183 concretio
787 3113 891 3181 omnis
906 3109 926 3178 al
941 3106 1001 3179 sale
1020 3041 1218 3207 potissl'mum
1238 3112 1363 3190 ducitur
1379 3144 1387 3186 :
1416 3118 1442 3183 is
1469 3142 1537 3191 non

192 3212 279 3284 focile
293 3210 494 3300 extrahitur,
518 3206 571 3278 sed
590 3208 659 3302 post
684 3204 927 3277 calcinationcm
941 3206 1056 3370 perstat
1068 3204 1242 3288 immobilis
1256 3234 1265 3283 ;
1286 3231 1359 3278 cum
1374 3232 1456 3281 terra
1472 3237 1536 3307 pu.

188 3306 398 3382 radtficcalit
411 3305 594 3378 friabilis&
613 3300 875 3398 maldcompadla
890 3356 900 3385 ,
915 3295 945 3370 sa
970 3300 1107 3372 volatilis
1121 3300 1234 3372 caloris
1246 3307 1277 3372 vi
1291 3303 1394 3374 statim
1406 3307 1535 3378 evanes-

187 3430 256 3492 cat,
277 3411 326 3477 uri
336 3413 370 3479 dt
384 3404 504 3474 humor
513 3395 647 3473 ‚craffior
663 3401 721 3495 qui
735 3394 841 3468 calore
852 3392 1048 3485 absumitur,
1061 3393 1181 3471 subtilis
1191 3397 1309 3474 ‚humor
1321 3403 1437 3473 arelius
1457 3427 1532 3474 cum

184 3500 240 3574 sele
255 3511 288 3574 δι
305 3526 393 3572 terra
414 3499 565 3570 cobaetet.

225 3603 270 3671 ll.
294 3603 410 3694 ltaque
420 3599 448 3664 ii
463 3592 583 3690 lapides
601 3593 681 3664 calci
696 3589 901 3663 conficiendae
918 3590 1066 3661 videntur
1082 3595 1202 3687 ¹oprimi
1216 3645 1227 3675 ,
1243 3596 1275 3659 in
1298 3590 1415 3685 quibus
1429 3599 1533 3683 major

184 3695 226 3763 ut
235 3691 304 3765 salis
317 3689 372 3762 fixi
384 3696 480 3789 copia
498 3701 531 3761 δι
550 3685 721 3760 subtilioris
734 3685 871 3758 humidi.
895 3684 993 3756 Unde
1010 3682 1113 3762 [arad
1129 3682 1259 3781 rupibus
1271 3683 1384 3771 excisas,
1397 3711 1533 3782 quaque

186 3785 254 3857 sunt
265 3788 427 3875 firmiora,
442 3781 720 3881 calcem'ptaebent
739 3785 908 3878 optimam.
930 3783 983 3849 Sic
1007 3782 1155 3878 Lugduni
1183 3778 1317 3849 murales
1344 3781 1530 3874 strudlrnae,

173 3882 305 3954 tametsi
317 3883 334 3955 ὲ
348 3907 433 3954 terra
446 3881 671 3951 tantummodo
690 3876 886 3974 compastae,
899 3874 985 3946 calce
997 3900 1178 3952 marmorea
1192 3875 1366 3949 incrustare
1381 3875 1531 3963 omnibus

169 3984 269 4049 ·a'e‘ris
288 3983 402 4070 iniuriis
414 3970 585 4054 diutissime
598 3971 762 4052 obfistunt.

224 4080 268 4144 In
288 4075 502 4145 niconomine
515 4067 721 4164 champagne
742 4091 841 4165 prope
853 4064 1193 4163 Pontembellaqueum
1213 4069 1242 4139 se
1260 4070 1410 4155 inveniffe
1423 4077 1529 4169 quod.

175 4173 249 4241 darn
271 4167 340 4238 sari
350 4192 441 4264 genus
461 4166 590 4236 testatur
602 4167 715 4234 audlor
727 4161 869 4234 laudatus
882 4219 896 4248 ,
912 4187 949 4230 ex
971 4189 1039 4257 quo
1061 4162 1178 4259 lapides
1201 4168 1360 4245 Lutetiam
1379 4169 1523 4238 anteali·

175 4272 256 4363 quot
275 4287 382 4333 annos
393 4260 543 4362 asportari
555 4258 640 4354 juffit
653 4315 663 4345 ,
678 4282 716 4328 ex
732 4263 769 4326 iis
782 4256 903 4330 calcem
929 4261 1077 4327 omniurn
1101 4263 1256 4353 optimam
1274 4260 1415 4330 confecit
1441 4316 1451 4345 ,
1476 4254 1524 4335 uti

177 4367 317 4432 variisex
360 4361 505 4433 timentis
521 4352 602 4447 'pullu
628 4349 824 4425 llluilriffrmi
846 4349 992 4422 Colbcrti
1012 4351 1103 4422 fadlis
1129 4353 1365 4453 comprobavit,
1397 4357 1524 4437 Contra

167 4456 288 4554 lapides
310 4454 357 4523 ili
380 4450 503 4547 quibus
520 4450 597 4551 plus
620 4451 697 4520 inest
711 4472 805 4528 ¹terre
831 4447 1007 4541 &humidi
1032 4445 1187 4520 crassioris
1212 4506 1222 4535 ,
1246 4451 1346 4547 qnam
1372 4450 1442 4523 salis
1466 4451 1522 4523 fixi

172 4549 349 4625 &subtilis
379 4546 544 4627 humoris,
575 4551 696 4642 quique
717 4540 790 4616 sunt
812 4542 965 4630 leviores,
987 4541 1069 4613 calci
1097 4544 1300 4616 conficiendae
1328 4552 1431 4639 nunus
1451 4542 1522 4618 sunt

164 4649 285 4722 ilenti.
310 4650 420 4735 Hujus
439 4649 565 4737 generis
588 4644 632 4711 est
649 4637 785 4737 gypsum
808 4694 818 4726 ,
840 4638 928 4723 cujus
953 4637 994 4710 sal
1015 4637 1149 4712 nitrosus
1165 4645 1234 4711 vim
1258 4641 1347 4714 tllam
1371 4638 1521 4735 coagula-

169 4749 281 4823 tricem
294 4726 483 4819 nonhabet.
509 4738 608 4824 Unde
625 4736 688 4833 hoe
700 4760 802 4833 genus
817 4733 927 4838 lapidis
952 4736 1038 4810 costi
1056 4738 1262 4820 incrustando
1277 4736 1429 4804 duntaxat
1446 4759 1521 4820 tutt-

1280 4830 1370 4926 nn·
1484 4830 1511 4853 ,Α
