3646 5430
432 344 479 416 '26
754 331 943 409 REGlAE
1007 325 1449 403 SCIENTlARUM

306 449 415 520 Auu.
434 445 524 510 tione
534 420 683 537 'pulveris
705 430 795 528 galla
808 485 817 513 ,
832 452 870 497 ex
885 423 947 497 sale
961 421 1123 520 superstite
1141 431 1174 495 ἃ
1198 421 1368 521 sulphureo
1382 427 1455 494 colli
1480 423 1554 496 itur}
1598 425 1687 498 Nam
1713 420 1789 496 suc·

306 557 400 623 1667.
438 558 511 603 cum
526 556 627 633 parva
641 529 727 600 iridis
741 521 904 596 densatum
918 520 1012 592 viridi
1026 519 1136 589 colore
1149 516 1312 614 tinguntzs
1326 524 1417 591 iritus
1425 448 1494 590 salis
1505 526 1701 591 ammoniaci
1712 519 1790 590 nul.

306 647 342 712 &
369 640 422 712 68.
436 629 502 700 lam
513 635 546 700 in
555 633 593 698 iis
604 619 712 698 effecit
724 621 1023 719 praecipitationem
1036 635 1206 713 perparum
1218 606 1287 685 salis
1298 545 1458 713 drlphurei
1469 614 1537 712 post
1549 614 1792 688 distillationem

435 727 624 796 extrarium.

487 827 546 893 lv.
570 820 673 912 Aquae
698 811 992 910 Spadenseseadern
1007 804 1164 880 morhodo
1176 810 1361 879 examinata
1375 807 1504 881 filerunt
1527 807 1698 905 ;saporem
1719 812 1795 880 aci:

436 919 514 987 dum
535 922 569 987 δι
587 911 803 1008 ferrugineum
817 933 881 1009 prae
901 903 931 979 se
953 903 1122 990 ferebant,
1138 907 1219 976 aceti
1245 899 1332 972 rubri
1356 903 1503 974 colorem
1521 903 1611 1070 palla
1626 907 1791 978 additione

435 1007 635 1092 induebant,
655 1004 741 1076 nulla
768 1028 901 1101 quoque
919 1026 958 1073 ex
981 994 1137 1079 offusione
1157 995 1177 1068 s
1193 1002 1282 1070 iritus
1300 1002 1498 1069 ammoniaci
1539 1003 1609 1073 aaa
1626 1001 1669 1071 cll
1692 1006 1727 1071 in
1750 1005 1792 1075 iit

437 1108 659 1203 praecipitatio.
672 1101 746 1172 1³0st
757 1100 998 1171 distillationem
1011 1094 1115 1194 pulvis
1127 1026 1335 1165 inllarferttae
1352 1091 1554 1190 rubiginis,ut
1564 1100 1598 1168 in
1609 1101 1698 1193 aquit
1709 1117 1794 1179 mox,

437 1203 647 1286 memoratis,
663 1189 705 1267 sal
719 1199 830 1267 itidem
843 1193 1039 1290 ferrugineus
1050 1189 1208 1260 eutasius
1220 1189 1275 1260 est.

485 1302 529 1368 V.
555 1295 733 1391 Aliquanto
749 1292 817 1390 plus
828 1316 850 1360 o
892 1312 932 1361 tae
954 1290 988 1359 in
1001 1282 1173 1384 probandis
1183 1287 1275 1379 aquis
1293 1281 1495 1356 mineralibus
1512 1292 1586 1386 pagi
1597 1286 1698 1384 vulgo
1711 1287 1794 1361 diui

439 1384 849 1485 Vicle.Comteposrtume
880 1440 888 1457 .
912 1386 940 1454 A
968 1406 1009 1451 ua
1029 1385 1062 1449 in
1082 1376 1173 1447 sonte
1188 1376 1244 1447 suo
1262 1381 1389 1477 tepida,
1412 1382 1513 1449 nodio
1537 1406 1634 1476 quam
1658 1385 1713 1450 diu
1735 1408 1793 1452 ca.

435 1483 533 1556 lidior
545 1482 728 1582 perhibetur
740 1489 774 1553 in
785 1480 885 1553 fontir
898 1476 1022 1549 concha
1033 1508 1043 1562 3
1056 1471 1078 1543 fi
1090 1470 1250 1569 abaliquo
1259 1495 1407 1572 tempore
1417 1479 1535 1570 agitata
1547 1500 1613 1546 non
1628 1475 1689 1546 suit
1701 1513 1711 1566 3
1723 1475 1794 1548 telae

436 1575 631 1678 subpingues
644 1584 678 1650 in
692 1574 854 1677 superficie
863 1595 972 1648 eruant
988 1628 1001 1665 ,
1022 1571 1119 1643 limus
1137 1571 1249 1640 itidem
1265 1574 1392 1670 pinguis
1409 1569 1563 1643 &odoris
1578 1568 1795 1664 bituminosi,

436 1671 498 1754 ubi
512 1674 574 1747 fuit
591 1672 770 1748 exsrccatus.

493 1774 575 1843 Haec
595 1795 703 1844 tamen
725 1794 811 1867 aqua
823 1769 970 1839 aciditate
983 1763 1036 1835 sua
1049 1763 1094 1838 lin
1118 1787 1193 1833 uam
1206 1768 1320 1861 pungit
1341 1788 1350 1832 t
1378 1757 1430 1833 sed
1448 1786 1522 1832 cum
1548 1760 1639 1862 gala
1662 1761 1794 1858 pulvere

440 1862 542 1936 rubeo
559 1866 670 1936 colore
685 1889 752 1935 non
775 1868 920 1961 tingitur.
950 1789 1169 1959 spiritubus
1187 1862 1383 1929 ammoniaci
1404 1856 1572 1930 instillatus
1585 1858 1720 1928 celerem
1744 1859 1795 1933 al·

438 1959 489 2032 bae
510 1967 648 2033 materia
663 1956 772 2031 effecit
786 1960 1070 2057 praecipitationem
1087 1988 1099 2042 3
1125 1952 1206 2022 adeo
1229 1976 1263 2024 ut
1281 1953 1439 2023 videretur
1462 1951 1528 2025 haec
1545 1978 1630 2048 aqua
1644 1946 1705 2023 sale
1722 1959 1794 2025 aci.

440 2058 637 2150 do,atque,
653 2076 688 2124 ut
713 2051 748 2123 lo
773 2048 1341 2214 uuntur,mercurialiimpraepnata·
1375 2053 1415 2120 Et
1432 2068 1540 2122 tamen
1586 2050 1633 2118 ost
1660 2048 1793 2122 distilla-

442 2156 567 2222 tionem
581 2173 652 2246 quae
668 2079 821 2245 superluit
835 2152 869 2219 in
887 2146 990 2218 fando
1005 2140 1106 2232 vasu,
1133 2167 1204 2241 pars
1239 2169 1291 2214 ere
1314 2144 1428 2214 osbava
1450 2168 1539 2239 aquae
1563 2075 1637 2215 lusa
1658 2152 1793 2216 eratin.

364 2262 369 2266 '
442 2247 505 2317 star
520 2240 591 2315 salis
608 2250 789 2316 communis
812 2301 823 2332 ,
853 2268 921 2313 non
935 2242 1037 2313 acida.
1060 2244 1180 2312 Succos
1207 2265 1309 2338 parva
1331 2239 1418 2308 iridis
1442 2239 1584 2312 densatus
1604 2248 1637 2311 δε
1659 2239 1794 2310 instilla-

249 2342 253 2353 '
443 2364 494 2413 tus
511 2339 656 2412 colorem
679 2340 847 2412 ceruleum
862 2343 896 2408 in
916 2337 1050 2410 viridem
1062 2338 1222 2407 conuertit
1239 2389 1250 2419 ,
1267 2334 1356 2428 quod
1381 2327 1456 2402 sales
1481 2331 1637 2431 sulphurei
1652 2336 1795 2431 praestare

441 2435 560 2511 solent.
575 2433 726 2508 Exhalare
766 2441 868 2506 enitus
891 2433 977 2527 aqui
997 2431 1137 2503 multum
1157 2432 1191 2497 in
1213 2426 1315 2499 fundo
1336 2421 1416 2496 vasis
1439 2427 1577 2503 terra&
1604 2426 1673 2502 salis
1691 2455 1795 2528 appa.

444 2536 530 2616 ruit,
548 2526 666 2628 saporis
684 2526 750 2600 salr
778 2587 789 2617 ‚
811 2533 914 2600 acrius
932 2528 1075 2624 linguam
1094 2547 1160 2622 pun
1182 2521 1257 2596 ebat
1272 2523 1374 2621 quim
1399 2522 1444 2595 sal
1463 2530 1670 2612 communis,
1696 2548 1796 2620 atque

441 2627 486 2699 ad
507 2623 605 2696 salem
629 2629 741 2695 tartari
762 2628 894 2721 propius
913 2620 1083 2691 accedebat
1110 2645 1119 2688 ι
1151 2547 1384 2703 sileuraetus,
1398 2619 1463 2691 uua
1482 2645 1557 2690 cum
1576 2619 1648 2691 oleo
1671 2621 1796 2705 vitrioli

441 2721 537 2815 aeque
556 2718 744 2790 tumultuari
758 2714 840 2788 visus
860 2718 907 2786 est
931 2739 970 2785 ac
990 2709 1134 2784 siluisset
1155 2707 1198 2782 sal
1216 2718 1335 2786 tartari.
1376 2717 1465 2784 Hinc
1489 2720 1535 2787 D.
1562 2718 1604 2787 du
1627 2714 1707 2790 clos
1730 2713 1796 2787 sus-

446 2812 613 2912 picabatur
638 2811 733 2883 salem
758 2809 818 2883 esse
842 2805 1043 2882 bituminosae
1064 2805 1225 2901 eujusdam
1248 2811 1385 2879 materiae
1409 2865 1419 2894 ,
1447 2836 1514 2880 non
1538 2813 1647 2882 oleosae
1679 2838 1688 2881 τ
1717 2834 1795 2893 nam

447 2908 559 2978 oleum
572 2905 648 2978 huic
668 2930 760 3003 aquo
784 2934 851 2980 non
867 2912 991 2977 innatat
1014 2931 1023 2974 :
1047 2900 1098 2972 scd
1111 2903 1155 2974 tsl
1169 2905 1262 2974 instat
1274 2925 1363 2973 tetra:
1376 2900 1574 2978 bituminosa
1589 2932 1686 3003 quam
1702 2931 1796 3003 aquae

442 3002 568 3074 diluere
582 2999 708 3101 possunt
723 3014 756 3078 δι
774 3025 961 3103 penetrare:
988 3001 1069 3071 adeo
1092 3020 1127 3070 ut
1148 3022 1187 3067 ex
1204 2997 1256 3068 illa
1282 2997 1483 3095 permistione
1505 3004 1649 3097 quadam
1676 3006 1797 3077 oriatut

447 3096 654 3170 fermentatio
674 3106 707 3171 dt
722 3099 881 3196 putredo,
902 3122 941 3167 ac
961 3093 1059 3172 salina
1085 3094 1216 3163 aciditas
1235 3118 1305 3190 quae
1328 3098 1361 3162 in
1386 3091 1557 3167 lixivialem
1577 3095 1642 3168 abit
1664 3093 1796 3193 salsugi.

447 3218 535 3268 nem.
555 3193 647 3265 Nulli
661 3191 737 3264 sales
751 3193 918 3265 minetales
931 3214 1052 3263 tantam
1061 3184 1332 3281 effervescentiam
1345 3213 1419 3256 cum
1427 3190 1501 3262 oleo
1510 3193 1628 3264 vitrioli
1639 3189 1795 3281 efficiunu

447 3285 525 3360 sales
548 3287 733 3360 bituminosi
749 3286 945 3389 vegetalibus
960 3290 1126 3386 propiores
1147 3293 1180 3357 δι
1203 3288 1303 3381 magis
1323 3280 1484 3382 sulphurei
1504 3311 1577 3360 earu
1602 3314 1678 3362 cum
1699 3289 1797 3360 acidis

473 3407 491 3452 u
518 3411 591 3456 nam
615 3407 710 3458 erent.

448 3409 471 3482 Ρ
494 3409 559 3552 3ill.
591 3484 681 3552 Huic
693 3479 797 3553 affinis
806 3477 873 3552 visa
884 3481 928 3550 est
940 3503 1025 3574 aqua
1040 3483 1058 3551 ὲ
1075 3504 1159 3577 pago
1188 3481 1222 3551 S.
1244 3482 1374 3575 Myonii
1399 3482 1487 3552 diuo
1505 3479 1599 3551 allata
1621 3537 1632 3569 ,
1657 3505 1732 3550 curn
1757 3505 1797 3552 eo

447 3571 630 3647 discrimine
645 3578 733 3672 quod
747 3601 786 3646 ex
804 3576 896 3672 galla:
916 3574 1046 3741 pulvere
1062 3573 1198 3653 rubeum
1222 3573 1364 3644 colorem
1378 3578 1536 3663 induerit,
1558 3572 1609 3645 sed
1625 3577 1718 3742 pullu
1734 3580 1799 3649 aci.

447 3674 489 3741 da
503 3694 581 3747 erat.
607 3672 750 3743 Multum
764 3668 834 3743 salis
847 3669 915 3770 sulp
940 3675 1008 3741 urei
1017 3671 1103 3742 dedit
1117 3726 1128 3758 ,
1142 3673 1198 3763 qui
1219 3693 1294 3739 cum
1308 3670 1383 3741 oleo
1404 3673 1523 3743 vitrioli
1546 3665 1621 3740 effer
1649 3676 1705 3740 uit.
1735 3676 1799 3741 Su·

450 3764 578 3835 blimati
597 3762 788 3837 solutionem
803 3765 912 3839 colore
931 3763 1019 3837 slavo
1041 3765 1135 3837 instat
1157 3767 1244 3834 croci
1268 3771 1438 3837 autimonii
1460 3766 1591 3851 infecit,
1614 3764 1704 3862 quod
1722 3764 1798 3843 sales

452 3857 659 3956 sulphurei&
676 3855 750 3945 fixi,
767 3883 803 3932 ut
823 3858 866 3930 sal
878 3854 987 3930 tartari
1000 3916 1010 3945 ‚
1025 3859 1168 3957 praestare
1182 3856 1294 3932 solent.
1322 3861 1443 3934 Oleum
1466 3859 1585 3933 vitrioli
1606 3860 1681 3930 huic
1707 3887 1798 3957 aqua

453 3954 599 4023 nondum
614 3950 765 4025 distillata
780 3951 917 4027 affirsum
939 3953 1075 4026 celetem
1087 3958 1234 4023 excitavit
1248 3979 1401 4044 morum,
1421 3981 1518 4053 atque
1538 3961 1711 4029 innumera
1730 3956 1800 4040 bul-

454 4048 526 4120 lulae
541 4073 595 4143 per
608 4046 692 4116 horae
706 4051 915 4143 quadrantem
928 4072 1106 4147 eruperunt,
1122 4048 1213 4120 Nihil
1223 4046 1377 4142 ejusmodi
1390 4048 1490 4123 visum
1503 4052 1569 4136 est,
1597 4077 1672 4121 cum
1690 4052 1800 4125 oleum

456 4142 578 4214 vitrioli
592 4167 682 4238 aquae
703 4152 869 4215 communi
880 4141 1020 4231 infusum
1035 4143 1108 4218 fuit.
1144 4144 1249 4218 Color
1261 4143 1314 4215 ille
1328 4143 1441 4218 rubeus
1460 4173 1497 4220 ex
1513 4147 1701 4218 admistione
1725 4147 1801 4242 gal-

457 4239 626 4406 piaepotuit
647 4263 685 4309 ex
704 4237 901 4316 bituminoso
923 4241 1056 4316 vitriolo
1079 4295 1091 4330 ,
1115 4239 1211 4339 quale
1239 4241 1283 4312 est
1313 4246 1348 4312 in
1372 4243 1512 4317 carbone
1548 4238 1682 4329 fossili,
1721 4268 1801 4341 pro,-

482 4362 509 4404 cr
525 4361 569 4408 cr.

506 4438 581 4505 Vll.
621 4436 722 4504 Mitto
741 4435 779 4503 de
795 4432 864 4506 aliis
885 4441 977 4531 aquis
994 4433 1198 4507 mineralibus
1236 4457 1282 4504 uae
1304 4456 1373 4505 tum
1389 4396 1530 4534 probata:
1545 4433 1692 4522 suerunt,
1704 4432 1801 4511 fufio

457 4529 562 4600 dicere
581 4557 590 4600 ι
608 4528 721 4601 harum
742 4531 832 4598 dotes
849 4526 962 4601 salibus
986 4537 1121 4631 propriis
1143 4459 1295 4624 cujusque
1319 4531 1481 4605 mintralis
1505 4556 1621 4626 inagna
1648 4555 1686 4609 en
1714 4555 1802 4628 parte

457 4624 635 4697 referuntur
648 4647 784 4722 accepta:
797 4657 806 4712 3
821 4621 943 4722 spiritus
964 4633 1051 4703 enim
1071 4632 1123 4698 vix
1144 4621 1174 4697 se
1211 4626 1348 4714 rodunt,
1371 4650 1426 4700 aut
1446 4622 1666 4723 separatione,
1681 4652 1735 4697 aut
1747 4632 1802 4698 vi-

456 4722 543 4801 tibus
556 4717 664 4805 insuia.
699 4721 760 4805 Sed
773 4724 808 4792 in
822 4719 1047 4811 omuibussete
1056 4722 1134 4811 salet
1144 4653 1273 4812 insint,
1292 4727 1381 4822 iique
1395 4745 1477 4819 quos
1498 4726 1655 4807 §emimus
1670 4719 1727 4803 eff
1734 4725 1802 4807 situ
