3646 5430
284 361 608 437 AcADEMiu
643 365 978 444 HISTORIA.
1033 370 1127 446 iii.
1149 378 1178 449 1.
1381 371 1418 467 '63

60 456 362 555 inTithymallia,
391 459 488 530 dente
511 456 614 530 leonis
641 517 652 548 ,
685 460 914 552 chelidonio,
937 472 972 539 dc
992 465 1062 538 aliis
1087 464 1181 563 hujus
1205 472 1339 568 generis.
1436 470 1557 542 DePc}

111 562 159 631 ii.
184 558 390 642 Quinetiam
401 557 485 626 iisin
517 553 612 625 lautia
620 555 1043 658 tubuloaeaarterlispositos
1055 569 1232 663 comperit,
1254 589 1337 637 titex
1351 566 1418 669 plu·
1435 568 1554 657 canica,

55 654 143 728 tibiis
153 649 283 724 fibrillis
298 649 442 722 candidis
458 704 470 735 ,
484 580 570 720 <luris
581 659 614 725 dt
630 649 741 750 ligneis
756 653 819 725 ase
833 661 948 728 mutui)
969 657 1135 752 disjunstis
1143 657 1332 749 coalescant,
1347 691 1419 762 quae

56 751 198 826 drarlicc
209 747 251 821 ad
269 769 431 820 extremos
452 743 551 842 iisque
576 772 683 820 ramos
701 750 929 845 producuntur.
980 757 1050 825 Has
1075 761 1257 828 communis
1270 759 1421 856 pellicula

55 845 224 935 involvit,
248 868 321 942 quae
341 843 364 912 d
385 840 476 913 caule
497 840 626 939 reliquo
649 867 701 915 eas
719 839 852 943 separat.
894 852 1051 922 intereas
1073 844 1167 923 fibras
1187 859 1221 924 δι
1237 853 1420 952 pelliculam

54 949 190 1017 maceria
232 940 356 1010 uaedam
370 931 540 1034 spongiosa
558 941 722 1033 interjeeia
738 941 942 1042 microscopii
952 969 1014 1042 ope
1027 948 1186 1034 cernitur,
1210 970 1312 1045 eaque
1325 947 1421 1025 succo

55 1037 129 1111 albo
144 967 303 1111 vellavo
321 1036 482 1130 tingitur:
507 1055 583 1103 uam
597 1057 738 1104 extrema
750 1031 905 1110 librarum
925 1038 999 1112 alba
1017 1035 1110 1129 suut,
1127 1037 1237 1116 succus
1262 1052 1340 1119 verd
1366 1069 1420 1121 aut

55 1132 186 1221 davus,
205 1153 261 1205 aut
273 1128 392 1201 latreus
408 1127 517 1198 multis
533 1130 567 1197 in
580 1128 659 1200 locis
673 1125 877 1230 conspicitur.

106 1235 272 1311 Maiores,
303 1227 419 1312 lantae,
442 1246 479 1294 ut
497 1222 607 1316 Fetule
624 1223 679 1296 lias
697 1222 792 1297 fibras
814 1235 911 1324 arquis
931 1234 1105 1306 intervallis
1121 1229 1283 1335 dispositas
1300 1239 1425 1312 habent

56 1326 258 1398 dceritroca
293 1327 300 1340 ‘
332 1322 374 1392 ad
394 1316 700 1397 circumferentiam.
727 1321 874 1419 Reliqua
895 1328 974 1399 duos
995 1328 1124 1403 tannim
1146 1352 1202 1403 aut
1217 1349 1280 1402 tres
1300 1334 1420 1409 habent

56 1420 212 1493 fibrarum
228 1421 352 1490 ordines
367 1410 473 1487 versus
492 1411 784 1489 circumferentiam
800 1442 809 1488 ι
839 1417 890 1492 sed
905 1422 986 1495 aliua
1001 1425 1046 1496 est
1061 1425 1171 1499 succus
1189 1423 1348 1524 aquosus,
1362 1435 1420 1528 qui

61 1527 97 1593 in
111 1512 228 1589 tesedia
242 1512 336 1586 caule
357 1508 455 1583 facile
476 1507 681 1609 conspicitur.
715 1514 826 1609 Atque
844 1513 921 1586 illud
946 1515 1017 1592 saris
1038 1522 1083 1592 est
1104 1517 1274 1593 verisimile
1287 1523 1419 1599 succum

65 1614 152 1687 illum
168 1635 315 1710 aqueum
341 1611 376 1679 iu
400 1631 455 1678 eos
480 1629 664 1679 commeate
682 1606 813 1682 tribulor
837 1610 953 1706 quibus
972 1615 1050 1686 inest
1072 1613 1183 1689 succus
1209 1619 1327 1692 lasteus
1349 1678 1360 1708 ,
1383 1629 1419 1694 dr

66 1734 131 1783 cuni
143 1733 185 1779 eo
199 1702 330 1780 misceri
350 1761 362 1794 ,
383 1703 449 1777 fere
467 1725 504 1775 ut
530 1698 643 1798 chylua
668 1709 702 1776 in
726 1728 821 1777 venas
845 1730 1009 1785 commeat
1029 1721 1062 1786 dr
1080 1712 1147 1784 und
1165 1739 1241 1785 cum
1263 1708 1419 1814 sanguine

63 1803 279 1906 permiscetur.
1070 1815 1072 1821 ’

97 1906 182 1972 111.
209 1903 334 1972 Utrum
355 1917 466 1969 autem
485 1921 541 1996 per
568 1894 732 1965 distinctor
755 1895 885 1969 tubulos
904 1894 1015 1970 succus
1034 1905 1068 1971 iri
1083 1903 1203 1974 radices
1223 1911 1258 1978 dc
1278 1907 1419 1980 ramuloc

66 1987 900 2183 lli‘il'tliiiiffizssi&diffidis
914 1996 1224 2165 iiiiii?
1238 1998 1418 2169 iiiii?

67 2190 105 2261 liis
120 2211 197 2260 exce
222 2210 293 2256 tum
320 2208 376 2286 per
393 2189 494 2257 totius
519 2145 632 2284 plantae
649 2181 884 2280 longitudinem
900 2188 1086 2276 decurrere,
1100 2196 1134 2260 de
1154 2215 1211 2289 per
1221 2151 1416 2267 insensibiles

67 2311 151 2384 poros
166 2213 273 2354 solite
286 2306 344 2352 eos
358 2279 553 2352 canaliculos
569 2284 603 2349 in
617 2275 734 2372 quibua
746 2276 855 2351 succus
872 2291 939 2375 jam
955 2284 1000 2353 est
1018 2284 1212 2359 elaboratus.

106 2391 165 2456 1v.
191 2382 286 2451 Nam
306 2373 481 2446 liramulus
493 2375 615 2446 arboris
640 2394 693 2443 aut
713 2371 847 2461 herbar,
870 2400 906 2448 ut
928 2378 1006 2471 Apii
1029 2376 1212 2466 hortensis,
1237 2407 1293 2455 aut
1313 2387 1414 2461 Chae.

67 2480 163 2553 refolii
179 2471 319 2546 resecius
331 2472 427 2541 alium
445 2469 559 2544 habeat
577 2468 738 2541 ramulum
763 2465 818 2539 sibi
844 2469 866 2539 ai
886 2470 984 2542 latere
1006 2472 1216 2567 conjunslum
1234 2500 1358 2577 ,atque
1369 2486 1415 2555 il.

68 2576 120 2648 lius
142 2598 218 2672 pars
234 2590 472 2663 extremaeque
494 2564 565 2639 vase
581 2587 740 2636 contentae
761 2564 806 2635 fic
828 2567 1069 2664 immergatur,
1096 2588 1133 2637 ut
1152 2569 1314 2668 reliquum
1336 2601 1416 2648 cau·
1509 2555 1517 2577 ⁸

66 2669 174 2758 lis,&
195 2662 355 2736 coliaercna
380 2663 516 2736 ramulus
531 2669 564 2734 iri
585 2656 664 2731 vasis
692 2667 837 2761 margine
862 2684 951 2733 eitra
980 2688 1103 2762 aquam
1126 2663 1338 2758 collocetur,
1361 2697 1416 2744 ra.

67 2765 146 2837 muli
169 2783 282 2832 omnes
293 2782 350 2856 per
365 2779 426 2830 tres
443 2780 499 2830 aut
523 2779 663 2856 quatuor
676 2756 741 2830 dies
754 2764 854 2830 etiam
873 2758 978 2831 aeiiatc
999 2765 1145 2835 virorem
1167 2758 1260 2834 suum
1286 2762 1416 2842 couser.

65 2859 192 2935 tabunt.

101 2967 139 3030 V·
167 2957 311 3027 Eandem
323 2953 367 3027 ob
379 2958 539 3026 rationem
557 2947 815 3047 Peponesadhuc
828 2957 928 3024 teneri
942 3010 953 3041 ,
968 2952 1046 3022 dum
1066 2954 1100 3024 in
1119 2954 1199 3026 fimo
1216 2957 1340 3033 calente
1357 2960 1415 3036 sub

64 3077 213 3152 campana
237 3058 340 3124 vitrea
364 3046 549 3121 adolescunt
562 3102 573 3132 ,
587 3067 705 3146 vapore
717 3049 750 3114 iii
763 3071 926 3146 campanae
947 3047 1095 3120 lateribur
1114 3051 1210 3123 instar
1234 3061 1314 3127 roris
1336 3085 1418 3131 cori.

16 3202 19 3207 -
64 3147 247 3237 crescente,
275 3156 310 3219 δι
340 3153 375 3217 iii
392 3146 473 3218 folia
495 3145 686 3229 decidente,
713 3145 853 3213 virorem
879 3139 971 3216 suum
1001 3151 1038 3216 dc
1064 3140 1251 3220 firmitatem
1275 3174 1416 3229 tuentur.

62 3245 186 3317 Sublata
197 3268 358 3342 campana
369 3239 518 3314 nonnihil
541 3239 621 3311 folia
637 3236 835 3315 marcescunt
853 3267 862 3312 ι
881 3237 1006 3313 ιιιιιιιιίῐ
1027 3238 1115 3313 calor
1137 3239 1203 3341 ipse
1223 3246 1415 3347 plerumque

61 3337 263 3412 irremiliior
276 3396 287 3427 ‚
301 3347 335 3410 δι
350 3337 515 3436 frigidiore
529 3360 604 3408 aura
616 3355 806 3449 recreentur.
829 3337 892 3407 Sed
904 3363 956 3408 ros
968 3335 1022 3408 ille
1033 3336 1138 3461 deest,
1154 3344 1212 3435 qui
1234 3367 1288 3437 per
1307 3340 1415 3434 fibras,

59 3434 321 3606 riatur
333 3429 1415 3627 iiiimrl‘iiiiuiiizi&iiiluna

60 3625 194 3699 dioribus
206 3653 261 3699 roa
274 3624 313 3697 lit
327 3625 480 3712 uberior,
500 3650 575 3696 cum
598 3621 711 3722 pliiviae
730 3615 801 3690 sunt
823 3625 969 3697 rariores.
999 3626 1055 3694 Sic
1075 3628 1109 3693 in
1130 3622 1287 3722 plerisque
1307 3626 1415 3703 herbis
1439 3715 1441 3718 y

62 3720 145 3791 velut
155 3724 213 3818 pili
222 3747 279 3794 aut
288 3727 396 3822 apices
407 3715 625 3806 succrescunt,
642 3741 724 3829 quoa
739 3713 869 3787 tubulos
883 3717 948 3788 elle
958 3722 1024 3789 rori
1032 3740 1087 3791 aut
1101 3719 1214 3814 pluviat
1229 3717 1414 3889 exsugendo:

61 3815 227 3891 destinator
239 3843 360 3915 magna
397 3814 599 3888 robabilitate
617 3816 772 3900 coniicit,
786 3813 876 3909 quod
889 3812 994 3888 herbae
1006 3820 1163 3914 aquatica:
1177 3811 1236 3890 suit
1248 3840 1295 3891 ter
1308 3845 1334 3892 ιι
1345 3846 1414 3894 non

60 3903 189 3983 liirsutae
206 3913 321 3985 autliia
334 3844 424 3984 velut
443 3910 567 4026 spiculis
587 3906 711 4076 aspera.
1019 4012 1024 4025 1
1108 4013 1115 4026 0
1177 4013 1184 4026 ι

106 4010 173 4077 v1.
201 4007 340 4080 Addebat
366 4015 413 4082 D.
435 4011 591 4080 Mauorte
607 4033 616 4076 i
633 4005 686 4074 lud
703 4004 878 4076 admodum
890 4005 1057 4106 probabile
1082 4009 1186 4083 videri
1204 4004 1335 4084 succum
1356 4011 1414 4088 lic·

60 4098 1181 4274 iiiii‘3³²2‘3“.i⁰.‘.?‘il.²⁰2.55ii¹.3Tullii&
1197 4111 1415 4275 ‘filimi

9 4384 11 4391 Ι
64 4297 156 4369 Unde
176 4225 673 4370 elignrnidtraldioespchelidoiiii
698 4300 733 4364 dc
757 4293 969 4386 quarumdam
985 4253 1014 4459 p
1028 4257 1324 4368 antarum⁸tantum
1339 4229 1427 4370 (lerc-

65 4387 139 4464 succi
156 4391 299 4484 praebciit
325 4389 472 4480 resecta,
497 4411 659 4492 quantum
685 4386 766 4461 solia
787 4386 885 4488 ipsa,
916 4414 984 4487 quo
1028 4387 1138 4464 succus
1159 4391 1357 4492 aequabiliter
1380 4401 1415 4465 in

66 4512 160 4584 pairac
179 4514 293 4562 omncs
312 4487 522 4590 propellatur.

109 4594 182 4662 Vll.
202 4588 306 4701 oceo
322 4591 493 4699 Papaveris
505 4582 596 4699 'caule
619 4586 720 4660 tribur
746 4608 801 4659 aut
819 4607 966 4753 'puatuor
988 4583 1095 4684 digitis
1114 4584 1197 4657 infra
1224 4586 1339 4697 plantae
1362 4608 1415 4694 ca·

67 4704 135 4853 ξι,
155 4684 210 4756 ubi
223 4681 436 4756 maturescere
448 4704 563 4781 incipit
578 4680 718 4770 ,succus
735 4686 826 4756 candi
849 4683 915 4753 usi
934 4678 1022 4754 caule
1037 4681 1175 4754 sublatus
1191 4680 1309 4762 exibit3
1335 4676 1416 4758 aliua

107 4807 151 4855 io
168 4780 280 4858 colore
302 4782 454 4859 niune
475 4775 714 4887 paite'summa
736 4780 846 4858 effluet
867 4803 883 4853 a
899 4779 980 4852 adeo
997 4802 1034 4861 ut
1057 4777 1153 4851 rubor
1170 4775 1233 4879 else
1251 4774 1415 4853 ulmeos

8 4992 16 5389 l
