3646 5430
409 348 758 425 ACADEMIAE
792 347 1118 427 HISTORIA.
1160 354 1310 431 balva
1434 397 1437 409 ·
1480 381 1542 453 359

221 445 272 517 X.
294 449 462 546 Quaepata
484 453 641 520 exteriora
667 447 756 520 floris
776 469 833 520 aut
856 448 1017 535 involvit,
1046 472 1082 521 ut
1105 454 1139 524 iu
1153 450 1358 539 ranunculis,
1374 474 1429 524 aut
1441 451 1535 525 fulcri
1555 443 1660 510 ΒΜ

170 542 270 614 uastat
285 545 455 628 sustentat,
469 550 552 615 utin
568 541 770 633 umbellatis,
783 565 840 615 aut
859 565 1033 641 utrumque
1050 542 1121 616 obit
1136 570 1277 634 munus,
1295 568 1332 618 ut
1345 553 1378 617 in
1391 549 1480 638 tosa,
1501 554 1534 619 in
1552 539 1634 608 ’Μ

172 635 266 708 malo
288 650 323 715 δι
338 665 443 739 pyro·,
458 635 520 710 five
533 638 619 711 foliis
632 641 802 713 instruatur
822 694 833 720 ‚
854 636 918 710 slve
938 643 976 710 iis
1000 663 1128 729 careat,
1145 642 1226 714 calix
1243 645 1432 742 appellatur.
1467 650 1536 743 Qi

169 733 352 828 aliquando
370 735 543 833 multiplici
557 735 678 805 constat
689 733 792 824 folio,
816 759 876 806 nec
896 734 1015 806 diutius
1030 738 1143 825 durat,
1169 731 1259 835 q'uod
1286 748 1354 832 ejus
1382 738 1461 813 folia
1480 768 1537 840 pc-

112 856 127 863 ·
168 828 472 903 diculoadhaereant
484 857 577 928 penes
596 836 746 948 pauciora
762 829 858 920 vasa,
881 855 984 926 eaque
1000 831 1098 904 facile
1117 831 1366 931 disrumpuntur.
1402 843 1553 911 Interim·

170 928 268 998 unius
294 925 427 998 estfolii
450 982 461 1013 ‚
482 929 571 1020 quod
597 926 774 1024 cpediculi
799 925 886 998 fibris
927 928 1090 1001 inducitur
1124 957 1132 1001 ε
1161 930 1244 1000 unde
1268 939 1302 1004 δι
1333 929 1458 1004 firmior
1480 935 1536 1009 cst.
1676 1006 1677 1010 ,

112 1015 128 1055 ²
168 1024 257 1118 Qae
269 1024 389 1098 florum
408 1019 479 1095 sunt
492 1021 570 1094 folia
583 1081 594 1110 ,
609 1046 675 1092 nun
702 1045 777 1093 uam
796 952 965 1094 seminilus
978 1024 1179 1096 involvendis
1192 1021 1329 1099 serviunt
1345 1052 1353 1098 ε
1372 1027 1435 1098 hoc
1449 1035 1537 1101 enim

112 1109 126 1187 ἶ
169 1127 343 1286 prpptium
361 1121 405 1285 pst
420 1119 526 1190 calicis
538 1176 550 1209 ,
564 1123 622 1218 qui
636 1048 707 1217 poll
723 1115 880 1190 foliotum
891 1115 997 1189 casum
1010 1119 1201 1219 plerumque
1213 1117 1332 1193 semina
1350 1125 1444 1195 instat
1458 1151 1537 1225 cap.

184 1239 245 1287 uae
263 1243 360 1289 tecon
386 1240 421 1291 u.

113 1307 118 1345 ⁵
219 1318 268 1385 Ex
292 1317 384 1386 varia
408 1310 528 1382 florum
547 1312 686 1384 lluclurl
707 1315 755 1387 D.
781 1311 983 1386 Toutnefott
1000 1312 1123 1412 plautas
1144 1317 1177 1384 in
1194 1317 1308 1412 viginti
1330 1315 1408 1387 duas
1428 1314 1535 1391 classes

166 1407 356 1495 distribuit,
376 1433 512 1505 quarum
525 1407 651 1506 fingulae
672 1413 760 1480 vatia
784 1433 900 1505 genera
919 1410 1191 1507 complectuntur.
1226 1416 1264 1480 ln
1284 1407 1416 1483 floribus
1430 1421 1534 1507 majus

166 1507 339 1600 quoddam
352 1527 471 1578 naturae
483 1502 667 1593 artificium,
677 1530 776 1600 quam
786 1511 819 1576 in
827 1502 897 1575 aliis
906 1504 1088 1604 plantatum
1097 1505 1239 1604 partibus
1251 1503 1282 1578 se
1294 1507 1425 1608 prodit,
1435 1532 1535 1608 atquc

166 1603 208 1671 iu
221 1624 333 1674 catum
352 1601 507 1673 structum
520 1605 627 1670 minor
644 1604 816 1672 mutationi
829 1623 916 1696 patet
929 1599 1033 1676 locus.
1206 1608 1209 1615 '

225 1703 296 1770 XI·
327 1704 439 1794 Itaque
453 1703 487 1768 in
508 1698 576 1767 duo
587 1696 676 1767 velut
697 1690 820 1767 summa
841 1719 958 1792 genera
978 1701 1119 1794 primum
1144 1699 1243 1774 dividi
1265 1697 1393 1799 poliunt
1410 1699 1534 1792 llotcs,·

163 1798 206 1866 in
220 1818 279 1866 eoa
293 1802 348 1892 qui
365 1793 453 1866 foliis
470 1787 523 1863 seu
548 1793 659 1889 petalis
671 1792 845 1863 vcstiuntur
864 1830 876 1878 ς
902 1799 935 1866 dc
957 1817 1013 1863 cos
1035 1800 1092 1890 qui
1116 1800 1150 1865 iu
1172 1798 1306 1868 stamina
1329 1799 1533 1874 diducuntur.

167 1894 222 1962 Hi
236 1885 307 1964 feti
325 1912 438 1964 omnes
457 1888 556 1960 calice
573 1892 759 1958 muniuntur
778 1915 787 1960 :
812 1912 925 1959 eorum
945 1888 1090 1987 plerique
1111 1913 1223 1963 tenero
1239 1891 1358 1964 frudini
1378 1894 1533 1965 adhaeres.

163 1993 271 2075 cunt‚'
284 2011 383 2086 atque
396 1989 514 2057 horum
529 1983 661 2082 pistillus
675 1979 739 2078 ipse
752 1986 796 2055 est
809 1982 907 2054 foetus
927 2043 938 2074 ,
959 2007 994 2055 ut
1013 1990 1046 2056 in
1065 1990 1210 2085 gtaminc
1230 1991 1337 2060 videre
1357 1993 1412 2066 est.
1448 1996 1533 2160 Qppae

167 2105 368 2155 nucamenta
382 2081 635 2181 fctuntplantae,
656 2102 700 2149 eae
720 2076 943 2152 floreshabent
956 2084 988 2151 in
1011 2082 1145 2157 stamina
1166 2087 1362 2182 quandoque
1384 2085 1473 2158 brevi
1502 2111 1535 2159 ι-

167 2201 227 2249 ma
242 2181 401 2255 didudlos.
440 2185 549 2274 Atque
562 2174 741 2267 hujusmodi
762 2175 856 2247 flores
875 2200 941 2247 uon
962 2175 1096 2274 insignes
1112 2179 1245 2276 prcbcnt
1263 2179 1444 2279 plautatum
1467 2182 1534 2255 dif-

164 2270 344 2365 ferentias,
360 2275 635 2375 quemadmodum
648 2269 740 2344 flores
754 2271 814 2345 suis
836 2271 984 2343 insttuffi
995 2272 1107 2363 foliis,
1132 2303 1274 2375 quotum
1292 2303 1408 2376 magna
1432 2280 1477 2352 cst
1498 2288 1532 2354 dc

166 2369 367 2444 incredibilis
388 2376 533 2445 varietas.

224 2472 257 2537 X
271 2474 286 2538 Ι
298 2475 325 2543 Ι.
364 2472 415 2540 Ac
430 2473 572 2564 primum
589 2463 684 2537 flores
712 2461 759 2533 illi
779 2465 829 2534 vel
849 2462 920 2535 sunt
935 2461 1091 2562 fimplices
1110 2523 1122 2553 ,
1141 2464 1192 2537 vel
1215 2466 1397 2568 composui.
1441 2474 1532 2542 Sim.

166 2563 274 2664 plicas
285 2571 417 2637 unicum
438 2562 556 2633 habent
572 2561 687 2632 liorem
707 2584 775 2629 uuo
800 2560 899 2630 calice
917 2585 1131 2652 contentum,
1148 2585 1256 2658 neque
1275 2589 1314 2634 ex
1328 2571 1366 2635 iis
1379 2566 1547 2664 partibus‚'

244 2657 418 2732 sllosculos
437 2661 539 2752 vulgo
562 2662 713 2726 Pleurons
728 2679 804 2741 ‚aut
819 2655 1046 2747 Semiflosculos
1063 2683 1208 2746 vocant,
1224 2655 1480 2760 suntcompadli.
1506 2667 1534 2734 li

167 2685 336 2850 Ellaaplicea
352 2752 421 2827 sunt
440 2741 534 2825 flor‘es
549 2760 606 2852 qui
625 2758 722 2823 unico
742 2750 845 2840 folio,
865 2750 929 2822 siva
942 2751 972 2821 id
989 2752 1160 2851 tegularifi
1186 2777 1241 2824 ura
1259 2758 1441 2845 incidatur,
1468 2754 1534 2831 sne
1641 2758 1642 2763 ’

166 2853 367 3020 iarlfepulaerft'ep
390 2850 509 2924 hoium
524 2849 618 2921 flores
636 2849 688 2920 alii
703 2847 927 2947 campanulum
942 2904 953 2936 ,
968 2847 1023 2918 alii
1044 2780 1300 2940 infundlliulum,
1317 2850 1371 2922 alii
1381 2855 1535 2952 quiddam

203 2971 238 3016 iu
285 2973 300 3017 t
368 2973 438 3020 unt.

230 3049 275 3116 Ex
301 3048 338 3113 iis
353 3048 410 3142 qui
428 3041 568 3141 plutibus
582 3041 669 3112 foliis
682 3043 882 3128 vestiuntur,
908 3041 1038 3137 quidam
1054 3065 1194 3140 quatuor
1212 3048 1244 3114 in
1267 3043 1410 3115 formam
1433 3049 1535 3118 crucis

169 3134 329 3238 dispofitis
347 3143 519 3228 constant,
541 3140 596 3211 alii
616 3139 719 3211 rosam
740 3196 751 3228 ,
775 3161 830 3210 aut
852 3135 1119 3236 cariophpllum,
1153 3139 1301 3215 nonnulli
1328 3139 1432 3213 lilium
1458 3147 1534 3215 imi·

168 3258 294 3311 untur·

226 3334 356 3407 x111.
384 3334 568 3427 Compofiti
585 3333 679 3405 flores
698 3338 715 3405 ὲ
736 3327 892 3418 flosculis,
909 3353 963 3402 aut
979 3329 1193 3405 semillosculis
1211 3339 1243 3404 in
1258 3359 1308 3402 ma
1336 3336 1376 3402 na
1402 3360 1536 3434 quoque

171 3427 246 3500 suut
267 3434 424 3502 vatittatc
449 3457 458 3500 t
475 3427 599 3502 flosculi
614 3456 724 3500 omnes
737 3450 772 3498 ut
786 3427 922 3495 totidem
941 3426 1010 3496 tubi
1025 3452 1092 3500 uno
1104 3439 1137 3502 dc
1149 3431 1262 3501 codem
1281 3360 1381 3498 calice
1398 3424 1536 3504 inuoluti

171 3525 262 3596 idem
275 3526 363 3597 velut
384 3523 501 3598 sertum
519 3522 684 3611 efficiunt,
699 3522 812 3619 singuli
824 3517 945 3590 flosculi
962 3520 1129 3595 cmbtione
1143 3520 1193 3593 scu
1213 3549 1315 3621 granu
1335 3522 1405 3595 sunt
1421 3529 1535 3615 innixi,

170 3625 296 3715 &cujus
316 3620 420 3691 fundo
445 3622 532 3691 aliud
554 3621 754 3693 filamentum
783 3619 889 3712 prodit
905 3614 1018 3686 tubulo
1032 3641 1187 3715 tanquam
1200 3623 1315 3715 vagina
1337 3617 1536 3696 conclusum.

173 3721 286 3813 Hujus
304 3740 427 3814 genens
450 3712 520 3786 suut
545 3716 639 3788 flores
666 3713 848 3812 absynthii,
873 3712 1064 3782 carduorum
1090 3725 1155 3790 dcc.
1189 3715 1294 3807 Qud
1320 3709 1537 3788 stmiflosculis
1604 3790 1609 3813 ¹

171 3813 268 3883 velut
281 3811 360 3885 setta
374 3816 519 3904 quadam
531 3872 541 3900 ,
554 3814 588 3884 hi
604 3810 743 3906 pluribus
760 3810 903 3879 coustant
919 3803 1074 3904 pactibus,
1088 3836 1158 3906 qnae
1172 3811 1281 3907 posted
1296 3815 1327 3877 in
1343 3806 1422 3882 folia
1439 3834 1536 3884 com·

171 3907 358 4007 planantur.
387 3913 461 3979 Hos
483 3906 576 3986 flores
590 3933 718 3980 cernere
733 3903 810 3976 licet
827 3910 861 3973 in
880 3902 1011 3972 Sonclio
1031 3906 1131 4003 vulgo
1149 3909 1284 3973 Laitron
1298 3935 1308 3971 .·
1325 3904 1473 3994 lucium,
1501 3914 1537 3983 δι

167 4003 255 4078 aliis.
278 4005 384 4074 Flotcs
400 4002 509 4075 radioli
526 4030 563 4076 cx
580 4006 720 4102 utrisque
734 3998 872 4072 flosculis
888 4009 920 4071 dt
944 3995 1157 4075 semiflosculis
1185 4006 1227 4073 ita
1247 4001 1318 4073 sunt
1340 4005 1415 4073 com
1441 4001 1548 4095 ofiti‚*

170 4124 211 4172 ut
224 4099 348 4170 flosculi
363 4104 505 4171 medium
527 4102 614 4173 velut
628 4101 737 4170 locum
754 4119 913 4195 occupent
925 4152 935 4180 ,
949 4101 1006 4191 qui
1021 4095 1120 4168 discus
1135 4122 1189 4171 aut
1208 4098 1308 4200 pelvis
1330 4031 1508 4199 appellatur
1524 4124 1533 4170 τ

168 4193 378 4268 semillosculi
396 4197 489 4267 instat
505 4222 631 4269 cotouae
646 4201 731 4267 circa
771 4193 872 4265 clvim
888 4189 1109 4288 disponuntur.

230 4297 265 4364 Χ
281 4299 354 4367 iv.
395 4296 505 4388 Atque
517 4317 552 4363 ut
567 4290 725 4363 summam
742 4223 896 4363 ddciamtts
912 4311 1025 4367 cotum
1046 4315 1115 4387 quae
1132 4295 1289 4376 diximus,
1312 4289 1407 4365 flores
1421 4311 1539 4365 omne&

169 4397 235 4490 qui
260 4387 370 4489 petalis
384 4385 436 4458 scu
452 4389 538 4459 foliis
553 4384 624 4459 sunt
635 4393 751 4460 muniti
776 4441 788 4471 ,
808 4385 857 4456 vel
883 4381 1081 4457 unicofolio
1102 4393 1308 4459 continentur
1331 4446 1341 4476 ,
1372 4394 1459 4486 iique
1493 4391 1545 4460 ad·

169 4513 297 4563 novem
310 4483 426 4583 species
439 4483 617 4557 referuntur
629 4492 715 4577 juxta
729 4478 864 4554 diversas
881 4503 995 4551 eorum
1011 4478 1138 4555 formas
1176 4491 1242 4581 Qu
1256 4485 1427 4581 multiplici
1450 4485 1543 4556 folio‘

166 4589 336 4658 donantur
350 4587 405 4667 ,in
425 4586 572 4678 quinque
588 4577 705 4677 species
726 4578 796 4651 sunt
821 4574 910 4649 divifi
932 4631 943 4663 ,
967 4600 1102 4671 quatum
1125 4579 1239 4651 ultima
1257 4582 1301 4651 est
1326 4581 1534 4678 irregularis,

171 4679 287 4780 qualis·
310 4683 344 4748 iu
372 4673 586 4777 leguminibus
616 4679 766 4749 cernitur.
797 4669 1042 4746 Horum-fimes
1071 4678 1293 4777 papillionates
1319 4677 1381 4746 dici
1407 4673 1509 4749 solent
1526 4668 1545 4766 ‚³

172 4777 268 4879 quod
293 4775 465 4878 papilionis
488 4770 627 4848 volantis
651 4770 794 4846 fotmam
812 4792 989 4869 utcumque
1017 4772 1183 4876 referant:
1205 4769 1456 4874 quodsupetius
1481 4775 1546 4846 etl
