3646 5430
395 347 718 439 scaurum
776 364 1108 440 ursrorrrn.
1146 367 1285 446 rmu.
1438 382 1493 470 ιη·

148 486 247 540 enon
267 463 405 538 laboret.
442 467 584 541 Tantam
595 468 662 551 ejus
681 463 748 532 vim
762 455 851 531 fuiffe
872 486 1137 552 commemorat,
1158 488 1194 536 ut
1216 469 1300 538 reeta
1323 489 1398 539 com
1423 467 1491 542 lura
1511 457 1623 549 Astu&

147 567 316 635 torruerint
338 587 346 631 :
368 583 489 659 magno
503 583 577 628 cum
591 555 719 653 fragore
741 558 766 625 is
779 559 968 652 conjmuus
980 555 1063 646 fuit,
1080 563 1124 630 ita
1149 584 1185 632 ur
1201 562 1376 635 Canonicae
1387 495 1490 637 lbmi·
1507 577 1588 635 nrm.

148 656 340 731 isEcclefiae
361 655 415 746 sue
429 659 555 726 ruinam
580 676 646 724 non
670 653 835 760 audierint.
861 649 978 722 Incolae
1003 650 1096 746 hujus
1118 654 1253 727 urbisin
1272 683 1290 728 a
1315 684 1366 730 ros
1385 657 1415 732 se
1437 686 1489 733 re.

148 759 240 853 :ipere
255 780 312 853 per
326 767 348 825 6
360 748 574 823 hebdomadas
583 748 689 818 coadir
701 745 771 816 sunt
786 779 796 833 3
809 743 936 843 singulis
947 745 1096 819 nostibus
1112 747 1275 841 saeviebat,
1287 684 1326 825 de
1340 754 1393 827 die
1403 780 1490 828 nun.

148 875 231 1015 pippin
244 849 407 1016 ,Ίῌειιιιιιιε
422 847 440 1013 p*
458 869 542 917 terra
559 845 760 953 continenter
772 839 1104 1008 ffumlbm‘’1¹‡¹s¹ss²
1127 851 1208 1009 rimsa
1220 871 1274 919 aut
1286 848 1376 922 hiatu
1389 858 1489 924 mani·

148 972 213 1129 a?
221 943 1235 1135 lull”duliianilalliplssaifbll{imperial
1247 967 1491 1124 Ῐῗὲῗιξῖῃὶἳξί

148 1163 198 1209 em
212 1135 370 1222 afflabat,
384 1159 452 1205 non
464 1127 668 1227 sulphureum
687 1149 796 1196 tamen
810 1181 821 1210 ‚
835 1152 940 1222 neque
953 1131 978 1196 is
995 1127 1154 1203 adurebat.
1181 1134 1306 1204 Exadlis
1327 1133 1380 1206 sex
1405 1134 1485 1210 heb·

148 1233 279 1327 lonndis
292 1237 379 1306 cives
392 1235 427 1300 in
438 1224 550 1299 urbem
567 1242 772 1306 remearunt,
796 1223 928 1317 quando
952 1243 1041 1294 terrae
1064 1247 1185 1298 tremor
1203 1232 1365 1301 remittere
1385 1289 1397 1320 ,
1423 1257 1484 1306 nec

148 1329 220 1398 ebba
247 1328 380 1429 amplius
397 1326 531 1416 dejicere
560 1318 642 1390 visus
660 1317 716 1392 est.
738 1319 797 1388 Vis
815 1316 899 1388 illius
919 1323 1056 1392 maxima
1081 1321 1121 1392 ad
1142 1353 1158 1420 5
1176 1333 1273 1394 aut6
1299 1324 1403 1398 leucas
1425 1353 1484 1428 pa·
1560 1365 1562 1370 ·

148 1428 199 1494 uit
210 1479 224 1512 ,
237 1430 271 1497 &
284 1428 317 1495 in
328 1427 363 1496 iis
382 1415 580 1522 potiffimum
599 1415 679 1487 locis
701 1436 772 1507 quae
793 1435 882 1483 erant
894 1411 1084 1513 depteffiora
1108 1473 1120 1504 ,
1142 1440 1197 1489 aur
1222 1415 1357 1491 collibus
1380 1428 1483 1496 inter-

148 1540 239 1617 aepta.
264 1523 346 1591 Fons
364 1517 496 1618 quidam
520 1509 593 1583 urbi
617 1512 780 1607 proximus
797 1508 877 1579 adeo
901 1507 1043 1580 turbidus
1069 1511 1145 1583 hinc
1162 1516 1293 1613 prodire
1308 1513 1391 1590 visus
1444 1540 1481 1594 ut

148 1636 250 1710 qoam
261 1610 382 1713 sapone
398 1609 557 1682 imbutam
570 1632 637 1678 non
655 1602 765 1676 colore
780 1604 909 1693 modo,
933 1602 987 1676 sed
1005 1611 1103 1677 eriam
1125 1615 1159 1680 vi
1182 1609 1364 1706 detergente
1381 1575 1482 1688 reler.

148 1730 189 1782 et.
223 1715 262 1782 In
277 1699 556 1807 ejussoperiicies
571 1727 646 1774 uma
659 1699 805 1799 quadam
815 1705 981 1774 concrevit
993 1697 1104 1802 saponi
1117 1727 1186 1776 non
1207 1701 1481 1811 absimilis,quae.

148 1826 191 1877 tre
202 1810 239 1877 in
250 1831 339 1903 aqua
350 1830 387 1878 ut
403 1800 481 1903 sapo
495 1824 532 1871 er
547 1798 680 1872 olvitur.

173 1908 272 1978 vm.
292 1907 403 1998 Hujus
414 1919 549 1972 eventus
566 1890 734 1965 occasione
750 1897 793 1966 D·
810 1892 943 1967 Blondel
960 1893 1148 1970 multosdse
1158 1897 1240 1973 visos
1253 1906 1288 1973 in
1301 1899 1481 2001 Alpibus&

148 2022 156 2068 ι
170 2000 337 2096 Pyrenaeis
348 2016 475 2070 mortes
486 1993 613 2064 testatus
625 1988 669 2058 est
694 2046 706 2077 ,
732 1992 788 2083 qui
802 1990 822 2060 d
837 1984 868 2062 se
881 1996 998 2063 mutuo
1011 1991 1121 2064 divulsi
1136 1993 1286 2086 fuerant,
1311 2023 1386 2070 cum
1406 2024 1481 2075 ante

148 2091 332 2206 oboefiffent.
354 2096 556 2191 Argumento
569 2082 641 2198 sunt
652 2108 754 2184 partes
766 2081 904 2196 gibbosas
918 2093 1010 2198 unius
1022 2095 1215 2188 montisque
1228 2099 1385 2166 excavatis
1396 2095 1482 2167 alte.

148 2172 1337 2372 masaritiasvasu{assiliebamus

168 2383 245 2455 lx.
265 2386 424 2484 Qaedam
436 2375 498 2448 alia
514 2373 803 2455 commemoravit,
821 2394 892 2464 quae
905 2372 945 2441 ad
958 2372 1136 2444 naturalem
1150 2374 1314 2447 historiam
1327 2375 1481 2476 spestant.

148 2480 231 2572 {ujus
248 2483 373 2575 generis
387 2501 424 2548 ea
441 2468 512 2542 sunt
531 2493 600 2567 qux
627 2467 768 2565 lapidum
788 2463 1041 2537 conformationi
1063 2465 1169 2537 lucem
1191 2468 1334 2565 aliquam
1363 2471 1480 2550 affene

148 2569 273 2646 offunt.
291 2601 306 2646 ι
322 2578 403 2645 luter
418 2562 770 2671 Fontem-bellaqueum
785 2568 819 2632 &
829 2557 1038 2633 Nemurfium
1056 2585 1131 2630 com
1154 2561 1235 2635 lures
1253 2562 1274 2635 d
1291 2562 1369 2638 sere
1413 2592 1480 2643 rtos

148 2654 923 2835 :aarumindividuali
991 2588 1233 2825 ailla
1244 2657 1287 2828 ξι
1300 2592 1480 2829 salv

148 2864 258 2931 iter&
266 2856 380 2932 urbem
391 2815 463 2956 qud
477 2877 562 2926 nunc
576 2875 669 2947 rupes
680 2846 772 2918 fortis
784 2844 1174 2947 Rothefortappellatur,
1190 2810 1298 2922 vicum
1311 2783 1398 2924 olirpue
1411 2786 1478 2944 edd

148 2959 217 3030 titis
229 2951 402 3055 abreptum
415 2950 526 3034 soille,
544 2947 684 3043 glaream
699 2965 763 3038 que
778 2943 867 3013 estin
881 2942 989 3014 littore
1009 3001 1020 3031 ,
1045 2969 1121 3015 cum
1138 2954 1274 3039 majores
1290 2945 1361 3022 sunt
1376 2953 1476 3044 estus,

148 3049 312 3150 pidgscm
333 3060 367 3124 α
385 3055 419 3122 in
436 3071 548 3146 rupem
569 3044 708 3111 indurari
730 3044 784 3110 cui
806 3040 976 3109 hominum
994 3049 1201 3136 &equorum
1214 3040 1317 3113 adhuc
1330 3046 1478 3147 impreffir

148 3168 293 3219 eruuntur
307 3147 450 3245 vestigia.
473 3143 601 3231 Adpccit
617 3135 695 3209 illud
731 3159 840 3231 uoque
860 3133 947 3231 quod
963 3128 1034 3208 satis
1053 3134 1184 3234 vulgare
1195 3136 1257 3223 est,
1274 3136 1477 3215 Telonesaxa

148 3241 205 3334 se,
227 3269 296 3341 quq
309 3239 450 3339 disrupta
464 3241 564 3312 ostrea
576 3237 700 3332 optima
707 3159 924 3330 luppeditant.
957 3234 994 3300 In
1014 3231 1115 3305 insula
1128 3234 1301 3304 Martioica
1317 3233 1434 3336 lapides
1457 3239 1477 3309 ὲ

148 3342 220 3412 todo
231 3344 332 3411 uraris
349 3341 419 3411 erui
433 3333 582 3408 candidos
596 3336 629 3401 in
643 3324 758 3425 quibus
772 3326 987 3423 quorumdam
999 3333 1158 3399 vermium
1178 3326 1255 3397 vesti
1278 3333 1308 3399 ia
1322 3327 1403 3401 bene
1417 3333 1475 3402 de·

148 3433 408 3509 scotavisuntur.
436 3432 564 3524 Adjecir
579 3432 625 3501 D.
638 3425 680 3492 du
690 3430 818 3518 Verney
829 3418 975 3519 Rupellae
989 3424 1169 3524 complures
1181 3420 1241 3494 effe
1253 3353 1371 3520 Epides
1380 3426 1475 3498 instar

148 3538 192 3605 sui
208 3529 398 3630 perforatos
411 3531 468 3624 qui
484 3523 616 3596 conchis
633 3514 815 3614 opplentur.

148 3718 1469 3756 -———·---·-···············-·-··-·····-··········

540 3851 576 3942 C
614 3851 652 3938 Α
689 3853 718 3938 P
750 3854 792 3939 U
828 3852 867 3931 T
981 3853 1001 3933 l
1035 3854 1090 3937 V.

564 4072 622 4141 De
649 4060 766 4142 arbas
788 4061 1050 4147 astronomicis,

205 4287 343 4359 Neunte
357 4282 422 4352 hoc
434 4299 521 4350 anno
548 4273 581 4342 D
598 4270 731 4347 ,caffmi
746 4269 907 4370 duplicem
928 4269 949 4338 ὲ
967 4258 999 4337 le
1011 4265 1230 4340 elucubratam
1241 4268 1318 4367 legit
1330 4270 1473 4345 dill'erta-
1512 4273 1517 4286 '

203 4385 330 4453 tionem
346 4434 357 4465 ,
377 4400 439 4447 urta
454 4373 587 4444 fixarum
601 4426 612 4456 ,
625 4368 725 4440 altera
743 4369 875 4440 Veneris
891 4363 1048 4445 theoriam
1062 4388 1135 4432 com
1161 4364 1298 4439 lablitur.

162 4474 279 4554 Mense
301 4477 427 4544 Martio
455 4474 506 4544 vir
531 4463 648 4537 nobilis
667 4472 700 4536 δε
716 4469 748 4536 in
772 4460 978 4534 Astronomia
1002 4453 1115 4531 versati
1142 4485 1225 4530 rmus
1247 4466 1290 4532 D.
1311 4467 1407 4534 Facio
1431 4464 1472 4537 de
1505 4493 1507 4497 ¹

148 4578 272 4651 *uilliers
295 4576 330 4641 in
356 4572 407 4640 Re
433 4570 500 4636 ium
523 4558 792 4636 Observatorium
817 4564 925 4643 venir,
954 4578 990 4626 ut
1019 4580 1083 4653 quq
1103 4557 1123 4626 al
1145 4562 1187 4629 D.
1210 4551 1340 4626 cassim
1360 4563 1392 4626 in
1410 4562 1472 4628 Sa.

244 4666 326 4740 lobo
350 4592 480 4761 ejulbue
495 4656 615 4732 annulo
638 4677 710 4726 ante
730 4651 780 4725 sex
801 4678 901 4723 annos
917 4650 1046 4723 'fucrant
1075 4655 1198 4723 dettdla
1222 4659 1256 4724 δ(
1280 4650 1470 4747 publicata,

148 4696 385 4853 ffiustraret·
416 4763 542 4835 Mirum
560 4757 648 4830 enim
665 4747 723 4855 ipsi
737 4745 901 4827 videbatur
922 4742 1124 4852 observatam
1142 4749 1332 4858 inSatumo
1344 4752 1473 4859 zonam
