3646 5430
419 242 453 367 ι’
738 282 962 359 return
1004 278 1479 355 scrcnrranuar

290 392 356 467 An
365 418 401 466 rt·
418 388 503 462 brari
514 406 703 481 coepemnt,
714 387 771 478 qui
785 387 928 480 cogitata
939 374 993 450 sua
1003 386 1038 452 ἃ
1052 381 1184 448 inventa
1198 381 1280 446 inter
1289 369 1322 445 se
1333 375 1518 450 conferrent
1536 404 1545 452 a
1566 403 1636 475 quo
1648 387 1785 481 quidem·

292 502 352 565 166
356 505 375 560 6
377 546 387 565 .
420 485 501 559 nibil
511 486 617 557 utilitn
626 479 825 580 perficiendis
837 471 957 549 artibus
968 486 1002 549 dc
1016 474 1247 642 promovendis
1258 469 1430 568 disciplinis
1438 472 1507 546 sieri
1521 479 1635 586 potest.

468 583 590 655 Nostra
601 579 734 672 quidem
748 572 809 644 hac
818 595 911 645 aetate
922 577 956 643 in
967 578 1017 643 Ga
1032 573 1096 658 lia,
1109 568 1222 657 Italia,
1235 565 1355 663 Anglia
1366 575 1399 639 δι
1415 574 1588 642 Germania
1600 576 1788 671 complures

420 679 609 781 prodierunt
623 675 819 758 Academfae,
835 694 904 740 non
915 693 954 739 ex
967 664 1118 739 omnibus
1133 662 1313 762 promiscue
1326 721 1337 752 ‚
1348 658 1400 734 sed
1413 667 1589 737 exeruditis
1609 671 1788 742 &delestis

422 778 500 848 viris
509 771 677 857 conflata,
691 793 761 866 que
775 763 1021 837 humanioribus
1038 762 1170 846 litteris,
1186 768 1220 830 δι
1240 756 1402 854 exquisitis
1420 755 1592 858 disciplinis
1603 766 1789 863 perpolien-

421 872 471 942 dis
491 894 611 966 magno
623 863 753 935 suerunt
762 863 963 958 adjumento.
997 859 1063 931 Sed
1072 856 1136 927 hoc
1149 880 1250 927 unum
1265 850 1425 954 plexisque
1438 854 1565 946 desiuit,
1582 884 1619 930 ut
1636 857 1788 962 suprema

422 968 615 1039 ausloritate
627 969 661 1033 dc
675 962 862 1057 Principum
876 956 1068 1028 liberalitate
1079 956 1290 1025 munirentur.

467 1067 658 1158 Utrumque
671 1061 884 1129 Scientiarurn
903 1054 1079 1125 Academia
1099 1052 1200 1146 Regis
1213 1046 1415 1121 rnvittiffimi
1426 1049 1791 1131 munificentiiestcons

424 1157 542 1234 secuta.
555 1162 647 1231 Nam
659 1151 781 1226 sancito
793 1177 868 1223 curn
888 1147 1047 1250 Hispania
1063 1151 1150 1246 pacis
1165 1142 1285 1216 soedere
1297 1142 1354 1215 sibi
1364 1143 1507 1243 glorioso
1519 1158 1554 1224 &
1567 1148 1697 1224 subditis
1709 1178 1791 1252 per.

423 1256 522 1343 utili,
541 1258 615 1327 Rex
629 1246 913 1327 christianissimus
931 1270 1022 1318 curas
1043 1265 1157 1316 omncs
1178 1252 1212 1309 dc
1239 1246 1452 1341 cogitationes
1470 1244 1537 1316 luas
1553 1248 1594 1319 ad
1619 1254 1708 1347 regni
1724 1252 1791 1322 ad.

424 1351 714 1437 ministrationem,
731 1356 767 1422 dc
779 1344 907 1445 populis
919 1343 980 1415 suis
1001 1340 1191 1413 felicitatem
1209 1340 1442 1438 procurandam
1462 1348 1622 1414 convertit
1639 1379 1649 1434 3
1664 1369 1703 1415 ac
1718 1348 1792 1442 pri.

421 1472 517 1519 mum
529 1446 651 1520 morbis
664 1443 815 1517 omnibus
828 1466 913 1540 quos
926 1461 1024 1540 grave
1035 1438 1288 1531 diuturnumque
1307 1432 1430 1506 bellum
1451 1441 1613 1510 invexerat
1628 1498 1639 1528 ,
1666 1443 1793 1515 mederi

423 1541 551 1637 voluit,
567 1566 639 1615 turn
654 1545 796 1639 imperio
807 1538 867 1613 suo
882 1561 932 1611 tot
945 1538 1089 1609 nistoriis
1100 1535 1199 1605 ausio
1215 1531 1393 1606 litterarum
1413 1530 1664 1609 &scientiarum
1681 1533 1793 1638 splen·

422 1637 537 1713 dotem
551 1643 692 1735 adjicere
711 1662 753 1708 co
775 1640 880 1711 itauit.

466 1742 548 1810 Eam
583 1762 663 1808 otro
677 1662 867 1807 tutissimam
879 1728 1035 1829 preclaris
1047 1726 1169 1803 artibus
1186 1728 1415 1827 promovendis
1435 1732 1597 1801 rationem
1614 1729 1690 1803 sote
1700 1731 1793 1820 judi..

421 1836 530 1919 cavit,
583 1836 779 1902 Societatem
791 1852 831 1899 ex
846 1821 1130 1899 dostis&selestis
1142 1829 1218 1894 viris
1229 1847 1459 1921 congregaret,
1479 1831 1535 1921 qui
1555 1826 1680 1897 collatis
1704 1830 1791 1899 inter

419 1922 455 1998 se
469 1927 578 2000 studiis
590 1934 626 2000 dt
637 1930 774 1996 inventis
786 1922 893 1993 multo
908 1930 1046 2015 majores
1061 1917 1242 2015 progressus
1252 1916 1393 1990 facerent
1407 1976 1417 2008 ,
1431 1946 1535 2017 quam
1551 1920 1574 1990 st
1589 1927 1623 1993 in
1635 1918 1689 1992 sua
1700 1919 1793 2020 quis·

423 2045 490 2120 que
504 2045 573 2093 arte
585 2044 642 2092 aut
654 2017 785 2089 scicntia
797 2014 938 2087 scorsum
950 2013 1141 2086 elaboraret.

477 2122 576 2189 Hane
593 2115 808 2187 Academiam
821 2107 1030 2184 nontanttlm
1050 2136 1092 2182 eo
1104 2112 1237 2181 nornine
1249 2109 1363 2183 utilem
1382 2111 1454 2187 fore
1466 2117 1657 2188 existimavit
1671 2175 1682 2208 ,
1698 2116 1794 2211 qudd

423 2210 588 2287 sru&uosa
602 2220 637 2283 dt
651 2214 745 2283 novis
758 2214 896 2280 inventis
905 2206 993 2279 ferax
1003 2206 1111 2280 sutura
1123 2201 1218 2292 esset,
1235 2204 1288 2278 sed
1302 2208 1403 2280 velex
1416 2238 1457 2283 eo
1475 2212 1634 2297 marinii,
1649 2214 1793 2309 quodab

425 2310 496 2381 aliis
510 2314 692 2409 excogitata
705 2365 717 2398 ,
733 2331 872 2405 quaeque
886 2330 925 2376 ex
935 2302 1070 2404 publico
1082 2302 1139 2375 usu
1157 2299 1218 2373 else
1229 2302 1379 2402 poliunt,
1400 2307 1589 2399 diligentius
1598 2311 1794 2407 expendens,

426 2404 506 2478 illud
530 2410 576 2477 im
600 2409 690 2477 rimis
706 2429 834 2479 caveret
855 2463 867 2494 ,
886 2427 927 2473 ne
945 2399 1088 2505 sumptus
1107 2399 1234 2473 inutiles
1263 2404 1296 2470 in
1321 2394 1493 2502 probandis
1515 2402 1713 2502 singulorum
1736 2412 1794 2480 in.

426 2508 532 2575 ventis
542 2434 787 2579 insumerentur.
798 2507 890 2576 Nam
901 2496 980 2601 sape
989 2507 1098 2575 evenit
1108 2522 1145 2569 ut
1155 2493 1335 2595 ingeniosos
1343 2499 1491 2573 homines
1503 2506 1695 2573 inventionis
1702 2504 1793 2580 calor

426 2600 589 2695 decipiat,
611 2621 748 2693 quaeque
762 2604 931 2668 incurrunt
949 2594 1154 2668 difficultates
1162 2618 1230 2664 non
1242 2600 1367 2667 intento
1379 2594 1452 2668 sartis
1464 2605 1576 2670 animo
1596 2602 1797 2697 propiciant.

427 2700 522 2790 Qin
533 2699 631 2764 etiarn
651 2698 864 2792 cogitationes
881 2689 949 2763 suas
964 2694 1126 2763 interdum
1140 2714 1178 2761 ea
1195 2692 1262 2759 veri
1285 2687 1388 2789 specie
1409 2691 1451 2764 stc
1470 2695 1659 2785 obducunt,
1671 2721 1708 2769 ut
1723 2699 1793 2772 dis.

429 2788 614 2861 ficillimum
628 2785 789 2859 sitverum
805 2792 827 2859 Ta
844 2785 926 2860 falso
946 2786 1107 2860 secernere
1128 2843 1139 2876 ,
1161 2780 1220 2853 nist
1235 2811 1307 2856 acre
1327 2788 1517 2863 &severum
1576 2798 1726 2865 citiorum
1742 2804 1794 2893 jn.

427 2888 550 2959 dicium
558 2884 731 2960 accesserit.
771 2887 833 2960 Sed
844 2885 899 2957 ubi
938 2910 985 2957 uae
999 2910 1059 2984 pro
1082 2882 1161 2955 osta
1174 2876 1264 2969 sunt,
1278 2907 1430 2956 accurato
1443 2815 1580 2983 subjedd
1591 2887 1795 2969 fuerinten·

429 2987 532 3071 mini,
545 3006 618 3054 tum
636 2983 674 3053 de
686 2989 874 3056 executione
892 2912 977 3082 isla,
999 2991 1033 3055 &
1102 3002 1216 3052 eorum
1228 2976 1283 3049 usu
1297 2977 1423 3053 facilius
1443 2989 1563 3082 poterit
1578 2984 1708 3075 judicari
1728 3022 1739 3079 3
1756 3012 1797 3067 ae

429 3076 564 3151 demum
575 3076 736 3151 necessarii
749 3077 892 3181 sumptus
905 3085 942 3150 iis
954 3077 1151 3178 perficiendis
1167 3078 1266 3145 tutius
1287 3074 1527 3176 suppeditantur
1549 3137 1560 3169 ,
1583 3085 1641 3179 qui
1662 3108 1729 3155 non
1745 3113 1798 3159 ra-

431 3200 471 3244 ro
487 3184 623 3268 majores
634 3170 704 3245 sunt
717 3176 820 3272 quim
830 3181 1034 3274 privatorum
1046 3180 1127 3243 vires
1138 3170 1221 3241 ferre
1237 3171 1365 3269 possint·
1408 3180 1517 3273 Atque
1530 3178 1593 3251 hoc
1607 3204 1798 3258 accuratum

432 3280 467 3342 &
487 3272 621 3369 diligens
633 3294 767 3345 examen
780 3272 846 3342 hoc
858 3272 967 3343 utilius
980 3269 1126 3343 fututum
1147 3269 1192 3337 est
1212 3324 1222 3353 ‚
1254 3274 1342 3366 qnod
1364 3276 1522 3346 Austorrs
1544 3275 1600 3377 ipli
1619 3280 1797 3381 privilegiis

432 3362 491 3440 libi
510 3364 662 3439 concessis
682 3367 873 3468 plerumque
893 3366 1091 3447 abutantur,
1115 3369 1193 3436 dum
1216 3365 1297 3438 alios
1318 3365 1449 3440 subinde
1470 3378 1504 3442 in
1528 3371 1712 3445 societatem
1727 3403 1800 3450 nun

432 3462 497 3538 fine
510 3490 630 3559 magno
643 3486 856 3562 utrorumque
868 3466 990 3535 damno
1010 3465 1176 3534 inducunt.
1208 3463 1245 3532 Id
1254 3488 1387 3563 quoque
1398 3465 1501 3564 proble
1515 3493 1647 3540 noverat
1662 3475 1735 3542 Rex
1748 3472 1798 3547 sa·

431 3558 644 3660 pientissimus
655 3586 723 3631 non
737 3560 834 3631 aliam
847 3564 1020 3659 excogitari
1058 3558 1122 3630 osse
1136 3556 1256 3630 artibus
1265 3569 1300 3632 dt
1311 3559 1483 3661 disciplinis
1499 3569 1728 3664 promovendis
1740 3596 1799 3640 ra-

433 3662 558 3727 tioncrn
576 3662 677 3753 magis
702 3658 875 3745 idoneam,
899 3683 998 3755 quam
1019 3586 1055 3726 lip
1063 3678 1208 3726 veterum
1230 3664 1370 3754 cogitata
1388 3668 1612 3756 experimentis
1629 3718 1640 3749 ,
1657 3672 1689 3734 δι
1706 3665 1798 3739 velut

434 3754 536 3822 oculis
555 3749 865 3851 ipsissubjicerentur
879 3812 890 3840 ‚
905 3778 945 3822 ac
970 3751 1099 3824 subinde
1115 3757 1207 3823 novis
1231 3760 1265 3824 &
1292 3753 1422 3827 utilibus
1439 3760 1578 3827 inventis
1597 3816 1608 3848 ,
1631 3785 1702 3851 qua
1724 3763 1798 3835 sunt

432 3854 596 3921 acriorum
614 3852 860 3919 meditationum
873 3849 995 3919 fruetus
1009 3907 1020 3938 ‚
1036 3875 1252 3946 augerentur,
1272 3880 1342 3948 qua
1356 3859 1438 3924 ratio
1458 3879 1623 3949 nunquam
1641 3856 1800 3931 nicenus

433 3958 554 4010 tentata
570 3938 636 4024 est,
652 3963 691 4008 ne
705 3937 748 4009 ab
761 3945 798 4013 iis
812 3945 943 4037 quidem
961 3946 1159 4046 Principibus
1177 4005 1187 4034 ,
1211 3957 1267 4045 qui
1279 3949 1380 4021 bonas
1393 3977 1475 4022 artes
1489 3957 1601 4043 majori
1618 3952 1722 4023 studio
1734 3980 1797 4024 co·

432 4032 573 4110 luerunt.
596 4039 673 4107 Hoc
687 4036 806 4111 scilicet
821 4041 989 4112 Ludovicu
1003 4048 1129 4143 Magno
1142 4042 1204 4116 fuit
1221 4045 1442 4147 propositum,
1456 4046 1534 4119 ctlrn
1552 4050 1590 4120 de
1607 4051 1798 4123 instituenda

435 4134 649 4203 Scientiarum
665 4134 839 4208 Academia
858 4144 1026 4231 cogitavit.

481 4234 533 4303 Il.
561 4228 684 4301 Placuit
701 4228 973 4307 Christianiffimb
986 4240 1071 4337 Regi
1084 4247 1151 4319 eius
1162 4246 1206 4311 rei
1220 4298 1230 4321 ‚
1243 4269 1343 4340 quam
1359 4264 1465 4315 mente
1480 4266 1682 4343 conceperat,
1695 4266 1797 4340 atque

436 4324 594 4424 ipublica
610 4324 745 4399 utilitate
757 4328 900 4403 suturam
914 4336 1131 4426 judicaverat,
1152 4347 1375 4412 executionem
1391 4337 1492 4439 ipsum
1507 4338 1709 4415 illustrissimo
1723 4346 1797 4413 viro

436 4429 483 4497 D.
507 4423 642 4497 Colbert
654 4424 858 4505 demandare.
881 4434 981 4502 Hunc
995 4455 1069 4502 trite
1084 4431 1210 4531 aliquot
1223 4464 1323 4509 annos
1338 4445 1421 4510 inter
1443 4448 1616 4539 p'aecipnos
1638 4443 1727 4536 regni
1751 4436 1799 4511 sui

435 4523 636 4593 administros
656 4520 830 4622 selegcrat,
850 4525 998 4623 illiusque
1020 4536 1214 4601 acerrimum
1235 4539 1408 4626 judicium,
1433 4534 1527 4607 fidem
1551 4549 1581 4607 A·
1597 4538 1796 4615 dilietntiam

437 4617 656 4691 incredibilem
669 4627 702 4689 in
716 4623 987 4693 administratione
997 4631 1116 4709 erarii,
1138 4639 1170 4700 ὃ(
1185 4635 1217 4700 in
1231 4629 1388 4729 preclaris
1407 4630 1587 4729 quibuscre
1601 4630 1733 4715 publice
1752 4635 1798 4702 rei

439 4713 623 4789 muneribus
637 4714 801 4821 perspeiia
815 4716 956 4797 habebat
968 4728 1002 4797 dc
1013 4728 1154 4823 cognita.
1181 4733 1308 4828 Magno
1323 4738 1350 4802 is
1361 4752 1493 4827 quoque
1509 4734 1640 4805 Artium
1651 4723 1797 4805 &scien-
