3646 5430
409 337 735 415 actorum
793 340 1305 419 Historiarum.
1451 365 1510 437 ‚2‚

147 433 340 532 colligitur,
355 456 428 531 qnae
440 441 474 506 in
485 437 641 508 testudine
660 446 693 510 dt
708 462 806 536 parva
818 461 926 511 extant
946 447 1131 513 &numero
1145 464 1314 539 perpauca.
1336 436 1509 513 Pulmones
1526 471 1631 540 Am,

147 532 286 630 quidem
299 534 332 601 in
348 531 502 603 testudine
515 533 602 604 mole
616 532 669 603 sua
683 539 817 605 vincunt
826 532 997 632 pulmones
1007 555 1196 605 ceterorum
1206 536 1412 608 animalium:
1427 534 1510 605 unde

147 636 184 701 ὰ
200 621 280 694 vasis
292 625 450 698 donantur
467 625 690 724 longioribus,
707 625 760 698 sed
774 634 938 726 pauciores
954 655 1060 702 ramos
1091 637 1123 695 ἂ
1152 634 1292 700 minores
1312 628 1430 702 habent
1450 652 1511 698 au-

147 720 275 793 fractus
291 777 302 806 ,
318 723 401 792 unde
419 731 450 794 δι
469 726 572 792 minus
588 727 609 791 ii
622 725 798 818 ponderant
815 751 823 795 ε
843 747 918 794 cum
936 748 976 795 et
995 724 1110 822 amplis
1124 725 1269 794 constent
1283 724 1426 796 resculis
1465 747 1512 793 uae
1562 799 1566 808 ,

147 840 261 891 merrae
273 811 343 889 sunt
357 840 514 913 ,queque
530 821 619 888 venis
633 823 799 889 &arteriis
813 844 893 917 pene
906 820 1116 892 destituuntur
1129 875 1140 907 ,
1154 821 1242 915 quod
1260 825 1420 891 minorem
1438 747 1512 888 san-

147 916 256 1013 guinis
276 917 490 1010 quantitatem
507 916 665 1009 excipiant
684 940 692 985 :
711 917 748 984 ln
759 914 912 986 testudine
927 921 1015 987 enim
1031 913 1200 1014 pulmones
1214 938 1362 1012 quartam
1376 914 1513 1013 implent

147 1013 298 1106 corporis
311 1029 458 1102 partem,
475 1013 507 1078 in
519 1005 651 1077 homine
667 1014 721 1081 vix
730 1009 903 1083 desimam.

185 1111 220 1178 X
231 1110 259 1178 l.
281 1103 368 1174 Cum
385 1127 464 1200 ergo
477 1107 509 1172 in
522 1104 646 1172 decima
658 1102 943 1203 corporishumani
974 1128 1041 1178 arte
1055 1105 1152 1203 longe
1163 1114 1266 1198 major
1278 1100 1315 1174 stt
1333 1102 1510 1202 eopiasan·

148 1202 282 1300 guinis,
303 1222 403 1295 quam
424 1205 456 1269 in
471 1221 583 1296 quarta
602 1198 763 1270 testudinis
779 1221 892 1291 parte,
914 1132 1074 1296 resquum
1100 1201 1232 1272 lrumani
1252 1206 1396 1296 corporis
1413 1200 1509 1296 longe

150 1300 272 1386 nteriori
283 1293 442 1391 sanguinis
462 1297 639 1391 quantitate
663 1294 808 1392 perfundi
831 1294 951 1367 neeesse
970 1299 1015 1367 eil
1040 1353 1050 1383 ,
1073 1297 1173 1393 quim
1194 1296 1354 1366 testudinis
1378 1320 1512 1393 corpus.

147 1394 245 1490 Qin
274 1398 309 1463 δι
330 1386 430 1458 ambo
447 1386 616 1458 ventriculi
642 1392 745 1460 cordis
770 1394 803 1458 in
822 1389 955 1461 homine
974 1390 1071 1488 longe
1089 1391 1259 1488 ampliores
1280 1387 1378 1471 sunt,
1403 1414 1506 1485 quam

148 1510 215 1562 tres
228 1484 397 1558 ventriculi
410 1485 592 1568 testudinis,
609 1508 668 1554 nec
682 1507 807 1557 tantum
829 1489 948 1556 itineris
973 1486 1105 1557 conficit
1123 1491 1245 1583 languis
1275 1489 1308 1554 in
1330 1488 1506 1576 testudine,

147 1605 252 1682 atque
270 1587 305 1653 irr
327 1577 471 1654 homine.
494 1583 531 1649 In
546 1576 599 1648 illa
615 1586 701 1649 enim
716 1606 785 1676 pars
799 1606 915 1676 magna
926 1579 1081 1678 sanguinis
1095 1586 1128 1651 in
1146 1587 1280 1651 Aorram
1294 1582 1312 1650 d
1325 1582 1511 1656 ventriculo

148 1681 269 1750 dextro
288 1699 450 1749 commeat
462 1730 472 1761 ‚
485 1699 544 1745 nec
560 1675 728 1769 pulmones
741 1683 901 1770 trajicit&
914 1680 946 1746 in
958 1702 1159 1774 unoquoque
1172 1681 1305 1747 circuitu
1320 1673 1413 1746 semel
1432 1698 1507 1746 tan.

151 1795 227 1847 turn
243 1797 296 1872 per
309 1794 365 1839 cor
381 1771 623 1855 transmittitur,
644 1778 762 1840 crimin
776 1770 906 1841 homine
920 1769 967 1842 bis
982 1797 1039 1841 cor
1052 1769 1268 1869 pertranseat:
1286 1795 1360 1842 nam
1373 1794 1508 1864 uterque

148 1891 243 1941 venae
255 1888 338 1939 carae
356 1889 486 1935 truncus
505 1871 537 1934 in
559 1867 773 1936 ventriculum
794 1870 939 1937 dextrum
957 1864 1075 1938 effusus
1100 1865 1200 1964 longo
1221 1871 1332 1938 itinere
1353 1890 1408 1961 pet
1431 1867 1512 1964 pul·

150 1988 268 2038 mones
287 1967 320 2033 in
341 1957 497 2030 sinistrum
518 1961 622 2031 cordis
640 1957 741 2032 linum
761 1961 997 2036 transmittitur.

1526 584 1609 636 mh

194 2060 363 2135 Postremo
379 2079 417 2122 err
436 2059 540 2126 cordis
557 2063 588 2124 δι
605 2062 790 2127 arteriarum
808 2053 898 2156 pulsu
917 2062 948 2127 id
958 2058 1079 2154 liquet,
1091 2053 1249 2156 sanguinis
1263 2081 1390 2127 motum
1401 2056 1507 2133 multo

148 2157 325 2230 tardiorem
336 2147 397 2222 else
411 2155 444 2220 in
458 2151 623 2224 testudine.
646 2155 754 2247 Atque
770 2176 807 2222 er
819 2157 856 2224 iis
868 2153 1017 2225 omnibus
1031 2149 1187 2241 efficitur,
1206 2177 1334 2223 motum
1350 2149 1509 2250 sanguinis

149 2251 340 2323 circularem
349 2255 382 2319 in
400 2247 554 2317 testudine
572 2271 638 2316 non
652 2247 733 2317 adeo
745 2272 839 2344 egere
852 2245 1077 2340 respiratione,
1092 2250 1182 2345 quod
1197 2270 1253 2318 eor
1268 2246 1351 2317 illius
1363 2246 1434 2319 satis
1448 2273 1507 2320 va-

148 2347 251 2421 lidum
264 2343 324 2431 stt,
342 2364 378 2413 ut
390 2337 575 2436 sanguinem
589 2345 767 2437 parciorem
786 2340 926 2413 breviori
945 2349 1095 2430 tramite,
1111 2346 1227 2426 iunslis
1244 2340 1364 2412 viribus
1384 2353 1416 2416 &
1436 2366 1506 2414 tar-

148 2446 233 2514 diori
248 2464 343 2513 motu
357 2435 539 2536 propellat:
559 2461 632 2505 cum
650 2440 683 2504 in
700 2434 832 2508 homine
855 2447 957 2525 major
979 2435 1016 2506 stt
1035 2434 1193 2534 sanguinis
1216 2436 1315 2507 moles
1338 2493 1349 2520 ,
1379 2440 1433 2509 lon
1459 2446 1512 2510 ius

148 2535 289 2636 spatium
304 2531 552 2634 percurrendum
562 2587 573 2618 ,
583 2540 615 2602 &
633 2530 775 2601 celeriori
789 2556 880 2603 motu
940 2557 974 2602 us
988 2531 1024 2604 stt
1043 2533 1149 2604 :unde
1165 2555 1297 2604 externo
1311 2537 1390 2603 a'e'ris
1407 2465 1509 2606 sulfi-

149 2637 210 2705 dio
231 2637 368 2702 omnino
376 2625 520 2723 indiget,
536 2651 640 2721 neque
656 2651 696 2696 eo
715 2651 820 2697 carere
832 2557 952 2724 potsll..

206 2732 304 2801 XII.
337 2730 409 2828 Qa
424 2743 532 2791 autem
558 2725 689 2806 ¹tatione
711 2726 772 2801 air,
786 2721 943 2820 sanguinis
965 2729 1135 2797 circuiurm
1160 2724 1382 2822 promoveat,
1406 2725 1508 2825 paulo·

148 2825 283 2899 uberius
295 2821 428 2921 explieat
442 2822 486 2888 D.
502 2822 599 2913 Mery
612 2814 688 2886 loco
702 2823 801 2889 citato
814 2822 870 2913 qui
880 2820 1001 2892 consuli
1019 2824 1134 2918 potest.
1168 2822 1250 2892 Illud
1281 2825 1421 2918 primum
1442 2824 1503 2895 sta·

149 2926 240 3007 tuit,
261 2917 393 2988 dilatato
418 2915 547 3078 pedore
572 2917 656 2981 a'e'rax
671 2938 728 3010 per
749 2939 786 2984 os
811 2921 845 2986 dt
869 2914 1069 2987 naressultire
1082 2972 1091 3002 ,
1104 2915 1346 3014 asperaeartetie
1374 2937 1507 3008 ramos,

148 3015 300 3115 nequead
314 3009 418 3082 veficu
430 3033 464 3077 as
479 3004 577 3102 usque
591 3007 781 3103 pulmonum
799 3033 971 3106 penetrare.
1010 3013 1198 3084 constricto
1219 3013 1350 3084 thorace
1378 3038 1508 3109 partem

148 3117 230 3186 a'e’ris
254 3101 461 3207 pulmonibus
480 3099 619 3172 conclufi
642 3111 675 3174 &
704 3103 794 3202 pressi
813 3108 830 3176 ὲ
846 3102 988 3178 vesiculis
1010 3113 1156 3178 invertas
1175 3132 1249 3178 cum
1271 3115 1393 3205 impetu
1422 3136 1499 3207 pto.

148 3209 236 3281 trudi
254 3224 369 3302 putat,
386 3197 570 3296 sanguinem
591 3205 612 3269 a
643 3219 734 3296 tergo
752 3199 855 3271 versus
877 3227 934 3272 cot
956 3202 1142 3300 impellere,
1161 3227 1288 3276 motum
1304 3205 1388 3275 illius
1408 3230 1502 3278 aree·
1599 3234 1603 3239 ·

148 3304 280 3386 letare,
306 3302 362 3393 qui
380 3293 502 3391 alioqui
521 3315 664 3389 torperet
677 3299 710 3362 in
735 3294 950 3393 pulmonibus.
975 3298 1134 3370 Inclusum
1153 3305 1187 3371 in
1203 3307 1292 3372 venis
1308 3297 1506 3398 pulmonum
1586 3310 1589 3315 ’

148 3403 225 3470 a'e'ra
248 3419 323 3466 eum
342 3389 491 3490 sanguine
507 3385 629 3458 misceri
649 3414 661 3457 r
684 3384 836 3487 squidem
863 3398 896 3462 in
920 3391 1055 3490 lingulas
1075 3392 1227 3466 resculas
1246 3397 1361 3467 ramuli
1387 3394 1501 3491 aspera

148 3496 273 3566 merite
286 3547 297 3576 ,
308 3499 341 3563 δι
366 3511 453 3560 uenae
467 3481 610 3554 definunt
624 3539 635 3571 ,
651 3508 689 3554 ae
702 3482 824 3583 sanguis
844 3487 909 3557 un'a
923 3513 996 3559 cum
1010 3493 1082 3558 aste
1097 3485 1251 3583 exquifird
1272 3491 1381 3559 mistus
1399 3494 1430 3556 in
1453 3493 1511 3563 fi-

149 3589 284 3660 nistrnm
301 3586 404 3656 cordis
425 3579 525 3652 sinum
547 3587 580 3650 dt
600 3583 634 3649 in
656 3583 784 3651 arterias
801 3581 993 3666 deducit-nt,
1019 3606 1118 3676 quem
1142 3588 1197 3651 a'e'r
1224 3583 1377 3654 leviorem
1402 3591 1436 3655 de
1460 3595 1505 3664 ad

149 3707 282 3755 motum
301 3684 400 3778 magis
412 3681 564 3749 idoneum
583 3671 682 3746 efficit
702 3709 712 3764 ;
735 3678 915 3747 innumeras
927 3680 960 3748 in
978 3675 1128 3772 sanguine
1141 3674 1276 3750 bullulas
1291 3701 1392 3764 creat,
1428 3707 1500 3779 qnae

149 3772 309 3874 sanguinis
330 3774 451 3846 molem
468 3792 607 3866 augent,
626 3795 682 3841 cor
697 3775 872 3844 &arterias
893 3769 1090 3857 scindant,
1111 3793 1147 3843 ut
1172 3771 1226 3844 vel
1253 3777 1386 3846 minima
1412 3778 1502 3873 pres·

149 3869 242 3945 lintre
259 3868 383 3970 sanguis
398 3894 472 3941 cum
491 3871 613 4030 impetu
624 3887 786 3964 erumpat.
816 3871 905 3939 Tum
917 3867 1085 3966 spirituum
1104 3867 1290 3940 animalium
1303 3869 1424 3941 atoeilu
1441 3899 1503 3949 coe

149 3967 374 4046 eortuahitur,
394 3964 518 4061 sanguis
543 3960 654 4032 rnillro
669 3958 736 4033 fian
749 3968 782 4033 dt
799 3968 920 4035 arteriis
938 3987 1108 4036 contentus
1125 3969 1157 4035 in
1177 3987 1333 4036 extremas
1355 3979 1504 4134 corporis

221 4089 255 4137 es
270 4060 431 4161 protrusus
447 4082 505 4158 per
529 4077 626 4128 venas
643 4061 676 4128 in
695 4058 840 4129 dextrum
857 4062 963 4130 cordis
988 4056 1090 4128 smum
1119 4083 1259 4132 remeare
1281 4087 1356 4131 com
1382 4064 1409 4134 el
1424 4071 1506 4145 itur.

184 4183 243 4231 am
263 4158 397 4229 talvulae
416 4177 571 4227 venarum
590 4155 632 4223 ed
650 4147 753 4224 vctsm
775 4152 932 4253 &nguinis
961 4178 1088 4225 motum
1105 4153 1271 4228 inlleslunt
1291 4168 1324 4232 &
1365 4169 1506 4233 etermi-

149 4277 247 4329 nant.
263 4259 399 4351 Spiritus
413 4247 565 4324 animales
584 4243 747 4410 spstolen,
762 4244 814 4320 seu
828 4253 1084 4322 contradlionem
1106 4253 1209 4321 cordis
1231 4251 1375 4324 efficiunt
1391 4281 1399 4325 r
1422 4279 1504 4329 cumr

149 4356 236 4422 em'm
250 4347 343 4422 fibras
358 4347 570 4429 distendunt,
606 4341 690 4413 rmul
710 4343 902 4423 ventriculos
920 4345 1023 4418 cordis
1048 4347 1191 4420 sistant..
1230 4351 1290 4418 Sed
1316 4372 1351 4418 ut
1372 4345 1500 4422 viderur·

149 4449 201 4520 D.
220 4453 259 4520 M
326 4447 433 4525 ,a‘e'ri
458 4438 488 4509 se
502 4436 653 4508 diastolen
673 4463 839 4536 procreat,
862 4442 939 4512 dum
953 4439 1009 4512 stro
1021 4437 1153 4511 elaterio
1167 4442 1358 4513 ventriculos
1382 4452 1416 4514 δι
1439 4470 1501 4517 ar-

149 4547 241 4619 terias
252 4469 418 4625 ‹lr'slendiu
435 4469 540 4609 latim
552 4553 650 4625 atque
665 4533 759 4607 certat
779 4534 894 4635 preslio
908 4534 949 4608 ab
969 4533 1209 4610 intumescentia
1230 4532 1381 4607 fibrarum
1396 4560 1465 4609 otta
1484 4565 1501 4611 s

149 4664 261 4716 rerum
282 4639 363 4709 a'e'ris
376 4637 577 4705 continenter
594 4625 694 4699 hausti
715 4628 880 4703 elaterium
903 4633 972 4729 plus
995 4657 1082 4728 qquo
1099 4635 1230 4702 austum
1253 4630 1503 4706 circulationem

149 4722 584 4843 pfimmdemnubutt,
603 4721 661 4799 nisi
675 4722 845 4831 insenfibili
857 4726 1089 4828 perspiratione
1109 4724 1412 4895 difflareturiNam
1433 4725 1509 4826 spi«¹

562 4862 587 4895 a»
1328 4841 1346 4895 t
1498 4877 1503 4885 .
