3646 5430
411 369 498 439 ¹194
622 352 643 415 .’
694 342 933 415 ,ΗΕΘΜ
974 335 1434 414 SCIENTIARUM

471 467 503 512 ι.
524 466 550 530 3.
572 467 600 535 5.
624 439 655 513 8.
763 435 831 511 Ubi
845 437 978 505 extremi
992 436 1025 505 in
1043 427 1072 505 se
1087 433 1177 504 ducti
1192 435 1314 503 medios
1329 436 1466 504 vincunt
1486 435 1633 527 unitate,
1657 433 1710 512 sed
1727 442 1771 516 al.

285 468 349 542 Αιι
363 497 398 547 u.
443 543 446 548 .
762 535 912 604 ternatim
925 528 1043 628 sumpti
1057 526 1285 626 consequentes
1299 531 1482 607 vincuntur.

482 1105 511 1169 3.
526 1077 644 1151 Eadem
665 1100 744 1177 pene
758 1074 803 1146 est
815 1078 897 1146 ratio
910 1094 1120 1145 numerorum
1135 1066 1192 1139 ubi
1203 1069 1348 1165 quinque
1361 1071 1591 1172 consequentes
1598 1071 1766 1170 inmunem·

425 1182 460 1249 &
481 1201 555 1246 cum
573 1172 642 1245 aliis
659 1174 794 1244 totidem
808 1169 988 1240 alternatim
1003 1163 1137 1261 sumptis
1151 1161 1359 1238 conferuntur
1375 1190 1385 1236 ι
1404 1173 1595 1265 quadratum
1607 1177 1693 1245 enim
1705 1199 1758 1247 nit·

409 1264 468 1339 'dii
489 1277 610 1342 unitate
637 1264 765 1341 ranulrn
788 1259 894 1336 differt
919 1270 942 1335 ὲ
969 1259 1094 1361 duobus
1117 1261 1272 1356 proximis
1295 1268 1328 1334 &
1348 1263 1371 1332 ὲ
1393 1261 1519 1338 duobus
1545 1273 1694 1341 extremis
1710 1270 1755 1340 ‹lu-

423 1363 500 1461 plici
526 1371 677 1452 unitate,
702 1367 748 1434 ita
773 1385 810 1434 ut
834 1362 968 1433 extremi
987 1362 1022 1429 in
1044 1353 1074 1427 se
1098 1354 1189 1426 duni
1212 1355 1395 1446 excedunt,
1422 1367 1456 1433 δε
1469 1363 1663 1437 excedantur
1679 1362 1752 1447 altet-
1806 1375 1818 1442 Γ

421 1484 535 1536 naum.
1073 1475 1089 1501 ‘⁸
1807 1470 1818 1506 ‘²

563 1648 596 1694 2.
633 1646 659 1712 3.
686 1650 714 1718 5.
753 1628 784 1694 8.
816 1643 859 1709 ιι.

467 2125 513 2192 Ex
532 2127 634 2219 prima
651 2129 846 2223 proptietate
869 2117 973 2218 palam
987 2115 1031 2191 est
1044 2112 1125 2189 duos
1139 2115 1258 2211 priores
1269 2119 1423 2191 terminos
1449 2122 1583 2192 tertium
1603 2114 1749 2221 insequor·

419 2234 486 2285 tem
499 2215 658 2307 dividere,
674 2215 833 2316 quanttlm
846 2215 915 2290 fieri
929 2212 1032 2312 potest
1045 2208 1214 2305 proximi«,
1228 2214 1262 2283 in
1281 2219 1421 2285 numeris
1442 2218 1574 2317 integris
1595 2210 1748 2291 securium

421 2310 560 2382 medinm
575 2320 796 2386 &extremam
817 2317 974 2384 rationem
995 2334 1005 2378 ι
1033 2305 1122 2401 quod
1148 2299 1216 2374 fieri
1238 2331 1305 2377 non
1333 2310 1436 2406 potest
1460 2312 1610 2384 accurati
1631 2335 1684 2410 per
1701 2335 1750 2381 nu-

419 2428 537 2480 meros.
570 2411 648 2481 Inde
662 2407 863 2482 occafionem
886 2411 971 2501 cepit
998 2408 1045 2477 D.
1066 2396 1211 2471 cunnus
1229 2399 1313 2475 hanc
1338 2429 1554 2480 numerorum
1575 2432 1615 2506 pr
1719 2431 1750 2476 o·
1811 2468 1820 2479 .

416 2522 493 2572 nem
516 2512 697 2603 excogitare
717 2530 816 2602 quam
838 2502 968 2577 theoriae
994 2497 1199 2571 planetarum
1225 2496 1379 2574 adhibuit.
1416 2507 1498 2575 Haec
1529 2528 1627 2605 progr
1676 2500 1750 2572 otst
1817 2522 1820 2527 ’

419 2594 505 2689 quasi
521 2592 637 2695 species
653 2601 866 2700 alteriusque:
884 2599 984 2692 magis
1005 2587 1192 2692 generaliter
1205 2588 1253 2664 his
1270 2592 1374 2666 verbis
1389 2600 1584 2695 concipitur.
1606 2596 1749 2671 &miluo

415 2693 515 2850 primi
534 2702 662 2769 termini
681 2694 816 2794 aequales
833 2694 928 2781 sunt,
950 2688 1110 2764 &tertius
1126 2685 1255 2783 aequnlis
1275 2686 1320 2763 est
1339 2687 1470 2767 summae
1486 2693 1631 2772 duorum
1651 2714 1748 2795 prece·

410 2804 414 2815 ¹
439 2805 572 2860 entium.

468 2966 511 3032 ι,
538 2972 550 3016 1
574 3003 586 3035 ,
612 2977 661 3037 2,
684 2927 731 3046 3³,
756 2920 778 3049 5
879 2913 987 3023 Prima
1001 2947 1178 3044 proprietas
1191 2950 1256 3037 jam
1271 2951 1434 3023 enuntiata
1448 3005 1459 3036 ‚
1473 2946 1747 3039 hoemotoedii

464 3066 500 3111 ιο
511 3096 524 3129 ,
539 3067 597 3131 ιο,
611 3076 669 3134 20,
680 3076 730 3140 30,
743 3078 782 3146 50
871 3037 1172 3150 ‚nnmeriexuious
1182 3043 1366 3113 immediati
1382 3040 1745 3150 consequflnibuslpro

322 3225 325 3231 Ι
408 3134 514 3254 ,lullo
524 3138 665 3218 duorum
680 3149 897 3218 extremorum
913 3142 1044 3214 termini
1065 3133 1209 3209 radicalis
1228 3139 1387 3238 produsto
1406 3137 1547 3218 differat.
1614 3206 1622 3215 .
1780 3154 1785 3165 '

1334 3325 1403 3375 vzo
1423 3355 1440 3388 ,
1468 3328 1520 3396 l⁰
1543 3359 1560 3391 ,
1580 3331 1630 3401 50
1700 3360 1704 3364 -

1362 3425 1377 3462 ,·
1420 3401 1597 3488 ,90οῇ
1698 3408 1706 3461 .“
1815 3396 1820 3435 ³

808 3564 842 3583 .,
908 3570 911 3577 ,
952 3573 957 3587 ,
1117 3566 1123 3587 .
1407 3516 1497 3575 100
1513 3525 1536 3570 0

410 3602 564 3670 terminus
584 3590 727 3666 radicalis
745 3589 857 3664 ele-10
875 3584 1084 3687 'quidmuins
1098 3597 1165 3686 ejus
1183 3611 1263 3662 roo
1284 3581 1461 3661 differentia
1475 3589 1737 3692 uttiufq'ueenre·
1813 3588 1821 3627 ²

405 3691 768 3881 mollffifiinuilidiaaiione
786 3783 853 3853 aliae
869 3782 970 3880 liujus
981 3775 1204 3883 progressionis
1218 3778 1407 3853 afftffloncs
1426 3780 1626 3880 explicentur
1650 3776 1735 3861 suere

408 3887 600 3978 quadratum
611 3879 722 3950 radicis
741 3876 817 3947 loco
832 3883 959 3949 utitatis
997 3877 1159 3947 oriendum
1185 3878 1238 3946 est·
1261 3875 1327 3972 ista
1342 3872 1442 3973 perulo
1458 3876 1585 3950 uberius
1605 3877 1676 3953 sunt
1691 3896 1735 3949 es·

408 3976 546 4074 plicata,
563 3967 652 4070 qnod
664 3965 832 4042 intelleil‘u
843 3904 1073 4076 sint'facillora,
1085 3976 1205 4070 quique
1219 3968 1290 4042 sunt
1304 3968 1345 4042 ab
1361 3968 1409 4041 his
1420 3966 1592 4070 disciplinis
1604 3966 1735 4057 inlluirffi,

407 4070 563 4168 ejusmodi
576 4065 803 4166 speculationes
814 4092 881 4139 non
897 4068 1034 4141 oderint.
1738 4088 1741 4095 ·

453 4175 496 4243 V.
518 4171 600 4264 Qae
613 4164 653 4234 ad
673 4160 874 4262 Dioprcica'm
893 4169 1051 4260 pertinent
1070 4167 1225 4262 praecipua
1238 4170 1271 4235 in
1284 4167 1422 4237 trallatu
1445 4161 1501 4235 suo
1520 4189 1559 4237 ea
1577 4167 1665 4238 dere
1680 4164 1735 4237 clu·

402 4262 563 4348 cubcato,
579 4267 703 4356 quique
712 4260 1089 4358 polientypismn'nrlatus
1100 4261 1166 4346 est,
1180 4265 1225 4333 D.
1238 4265 1374 4356 lingens
1388 4257 1543 4356 exposuit.

456 4359 563 4431 Mulon
584 4381 718 4452 quoque
739 4355 766 4428 cl
787 4360 834 4454 D.
862 4361 912 4432 D.
931 4360 1088 4428 Marione
1109 4363 1143 4427 δι
1160 4357 1253 4428 dein
1283 4361 1366 4427 Hire
1377 4359 1462 4427 cinca
1477 4354 1680 4430 refrafflonrs
1695 4354 1738 4427 lu·

363 4540 364 4544 ,
402 4459 499 4527 ruinis
511 4451 582 4526 lunt
600 4448 776 4529 observata.
804 4450 888 4524 Illud
897 4456 1055 4551 imprimis
1066 4449 1167 4549 pofits
1180 4450 1372 4522 refraclione
1397 4450 1561 4522 radiorum
1579 4477 1619 4525 ex
1632 4456 1739 4526 n'e‘reiu

400 4575 521 4649 equom
541 4547 769 4623 trarffeuntium
779 4571 841 4638 ,ut
853 4578 880 4643 4
892 4551 966 4638 adm
988 4606 1000 4637 ‚
1016 4547 1185 4650 Angelum
1200 4548 1290 4619 Iridis
1304 4576 1351 4641 ,μ
1373 4545 1462 4655 gruel
1478 4557 1514 4623 δι
1531 4576 1577 4637 40
1591 4554 1672 4626 min.
1686 4542 1740 4621 elle

400 4671 424 4718 u
447 4670 563 4722 ottetc.
733 4698 738 4707 -
781 4702 784 4709 .
1113 4674 1118 4681 ’
1268 4702 1270 4706 -

422 4672 480 4823 ΡΥ
491 4748 518 4820 1.
557 4747 622 4822 Diu
644 4766 673 4819 11
699 4746 783 4819 Maii
801 4747 849 4821 D.
864 4743 977 4821 Picatd
991 4742 1181 4819 Tractatum
1191 4736 1284 4848 suurn
1300 4739 1339 4836 de
1355 4730 1552 4848 Telcscopio
1572 4744 1676 4844 legere
1691 4747 1742 4817 iu·
