3646 5430
299 324 358 393 168
631 313 831 389 REGIAE
894 315 1342 393 SCILNTLARUM

163 427 229 497 A„
241 454 278 502 p,
299 412 340 484 ab
360 441 401 487 eo
418 414 489 489 sunt
504 413 659 511 explicata
669 412 858 486 demonstat.
900 415 1010 505 Aquas
1029 435 1064 486 v.
1088 412 1189 497 gratid
1204 409 1343 480 salientes
1355 435 1391 480 ea
1406 405 1554 485 sustinere
1571 439 1658 515 pon·

162 538 254 608 ¹⁶77·
300 509 372 580 clera
388 539 458 610 quae
475 512 545 583 sunt
556 514 636 578 inter
651 504 680 577 se
693 510 728 576 in
740 509 865 577 ratione
875 508 1035 602 duplicata
1049 489 1267 578 velocitatum.
1481 594 1485 601 p

161 621 196 686 δι
220 625 274 706 73,
356 614 400 680 Χ.
432 613 547 680 Varios
563 605 674 674 deinde
695 598 808 672 ubellae
826 599 1015 673 conficiendi
1030 601 1147 672 modos
1160 597 1329 697 proposuit.
1337 609 1380 677 D.
1397 600 1564 692 Casinus,
1581 633 1656 680 cum

301 694 1538 888 sss.:lllusn{iussnussisse‘linars‘*bs¹⁰¹su
1559 707 1656 802 Re

356 895 455 992 Qud
467 898 555 961 enim
567 913 654 958 anno
666 901 753 979 -1674
767 885 967 983 propositum
992 884 1095 958 suerat
1108 887 1147 956 de
1159 892 1250 979 aquis
1271 888 1423 959 Versaliss
1438 892 1655 985 deducendis,

304 989 369 1058 hoc
386 986 489 1085 ipsum
510 1008 597 1056 anno
619 991 697 1072 1678
723 987 839 1052 iterum
853 980 914 1051 suit
930 987 1097 1079 agitatum.
1142 987 1224 1053 Non
1246 985 1356 1079 procul
1374 983 1415 1054 ab
1432 985 1510 1057 urbe
1524 989 1656 1063 Pirhue·

201 1092 204 1096 ’
300 1088 354 1155 rio
375 1081 638 1180 vulgrimnum
663 1136 674 1162 ,
697 1078 743 1149 est
774 1079 862 1146 rivus'
887 1082 943 1174 qui
970 1077 1083 1172 Junius
1108 1133 1119 1162 ,
1147 1078 1247 1172 vulgo
1274 1078 1308 1143 la
1340 1082 1466 1148 Rinr'ere
1498 1083 1539 1148 de
1566 1083 1658 1176 Jus'nr

303 1183 464 1250 vocitatur
488 1204 498 1249 ε
518 1176 610 1269 hujus
635 1197 725 1247 tanta
749 1172 794 1244 est
818 1171 982 1243 declivitas
1002 1195 1038 1292 ut
1061 1177 1143 1243 intra
1165 1169 1263 1243 breve
1286 1171 1420 1271 spatium
1439 1191 1485 1250 60
1507 1180 1657 1254 molesti·

300 1266 973 1463 slltllffilsplll‘ssiglisls.
991 1267 1657 1445 iiiii..i‘slil‘lssllsllt

301 1457 336 1532 bi
352 1460 565 1562 persuaserant
578 1459 655 1530 hinc
673 1485 791 1557 aquam
807 1457 921 1528 deduci
939 1454 1115 1532 versaliam
1139 1458 1236 1556 polle.
1279 1466 1358 1531 Hoc
1383 1487 1515 1556 qnoque
1532 1473 1657 1565 negotii

299 1557 468 1632 datumest
491 1565 536 1631 D.
552 1555 687 1643 Picard,
709 1558 875 1626 utiterum
896 1554 1087 1652 expenderet
1109 1580 1150 1624 an
1170 1554 1298 1652 resipis
1319 1555 1385 1627 fieri
1410 1560 1529 1654 pollet,
1553 1573 1589 1638 &
1615 1571 1657 1639 ad

298 1659 422 1727 exitum
442 1654 585 1752 perduci.
623 1656 653 1721 is
674 1656 829 1746 Sequanae
850 1646 1021 1722 libratione
1042 1648 1237 1720 Corbolium
1257 1643 1355 1748 usque
1371 1661 1502 1743 repetita
1521 1667 1556 1730 ὃ(
1580 1659 1656 1735 lon.

325 1748 375 1823 iris
388 1752 542 1849 produska
564 1746 729 1820 Aureliam
742 1752 831 1815 venit
846 1773 857 1818 s
875 1740 1027 1840 cujusque
1048 1744 1112 1815 loci
1126 1742 1309 1817 librationes
1327 1753 1360 1816 in
1384 1750 1541 1822 Tradlatrs
1555 1758 1576 1826 d
1592 1785 1652 1830 no-

298 1775 352 1917 sis
365 1850 464 1917 citato
485 1845 526 1918 de
545 1867 612 1916 arte
625 1840 761 1914 librandi
781 1837 951 1938 descriptas
965 1838 1130 1914 habemus.
1164 1841 1200 1910 ld
1216 1844 1343 1913 tandem
1361 1869 1435 1915 com
1461 1853 1521 1918 erit
1533 1854 1653 1951 Sequa·

297 1965 347 2012 nae
360 1942 488 2013 alveum
504 1963 604 2038 prope
618 1931 773 2010 versellas
799 1940 832 2008 in
858 1943 947 2034 Pago
965 1934 1046 2003 Sc've
1067 1937 1156 2006 disin
1176 1966 1219 2031 54
1241 1934 1408 2036 hexapedis
1430 1873 1654 2040 depressum

299 2033 362 2110 else
376 2038 446 2134 ipsd
464 2058 621 2132 aquarum
634 2035 681 2103 ori
706 2036 758 2101 ine
778 2037 812 2102 in
831 2028 926 2130 sylvae
944 2029 1176 2103 Aurelianensis
1197 2031 1310 2104 finibus
1328 2033 1399 2111 fita.
1438 2035 1528 2109 Cum
1547 2069 1654 2124 autem

298 2130 418 2204 domus
430 2133 541 2227 Regiae
555 2126 657 2199 solum
679 2057 717 2196 lit
737 2127 834 2199 alveo
855 2129 1010 2221 Sequana
1034 2147 1079 2199 so
1103 2127 1269 2225 hexapedis
1281 2128 1402 2220 alnus;
1425 2132 1503 2205 hinc
1519 2140 1655 2214 conclu.

300 2227 371 2298 sum
390 2224 452 2299 fuit
466 2248 623 2321 aquarum
644 2220 751 2294 fontes
776 2218 887 2293 saltem
909 2219 959 2294 sex
989 2221 1156 2321 hexapedis
1181 2221 1242 2293 else
1263 2225 1467 2321 depressores
1485 2230 1565 2304 loco
1587 2237 1655 2339 ipso

300 2327 335 2393 in
352 2346 450 2421 quem
471 2345 525 2391 eas
547 2321 621 2391 duci
643 2314 829 2414 oportebat.
863 2318 1005 2391 Rursum
1021 2320 1051 2387 id
1069 2313 1179 2404 jussum
1193 2321 1238 2390 est
1254 2344 1291 2392 ut
1302 2321 1525 2400 librationibus
1548 2343 1654 2410 consi.

300 2424 404 2490 nuatis
429 2418 461 2486 id
484 2416 676 2512 expenderet
695 2417 742 2487 D.
772 2412 883 2486 Picard
904 2437 946 2484 an
965 2412 1081 2485 canalis
1106 2412 1124 2484 ὲ
1156 2419 1265 2511 Ligeri
1292 2418 1446 2493 versalias
1471 2421 1572 2522 usque
1594 2430 1654 2504 du.

300 2518 331 2584 ci
350 2512 460 2613 pollet·
534 2511 597 2582 uod
612 2511 724 2582 itidem
735 2507 798 2580 suit
809 2505 1036 2607 exploraturus
1076 2510 1208 2580 unslum
1220 2509 1379 2586 divifionis
1392 2522 1425 2587 iu
1437 2520 1654 2599 canalium-

302 2633 360 2679 reo
375 2609 464 2704 quod
486 2633 521 2687 17
566 2606 712 2704 exapedis
732 2607 854 2703 Ligeris
868 2602 962 2674 alveo
981 2605 1024 2674 eil
1036 2534 1153 2691 altius,
1169 2611 1211 2678 68
1224 2607 1398 2705 hexapedas
1419 2613 1513 2714 super
1526 2615 1652 2699 alveum

302 2708 460 2801 Sequanae
481 2728 581 2800 prope
605 2697 761 2772 versellas
776 2696 907 2783 attolli,
925 2704 969 2769 ita
982 2719 1018 2768 ut
1030 2698 1112 2770 ultra
1128 2700 1320 2798 oppidulum
1337 2707 1516 2781 Polliacurn
1534 2715 1650 2791 adver.

301 2793 351 2869 sus
364 2801 487 2894 Ligeris
501 2795 718 2894 profluentem
737 2787 812 2864 esset
837 2793 1130 2888 progrediendum,
1155 2818 1191 2866 ut
1212 2790 1367 2872 sufficiens
1386 2800 1551 2880 haberetur
1570 2838 1650 2907 pro.

303 2891 449 2978 elisitas,
463 2889 856 3058 qusi‘pppaaquaeduslum
874 2889 994 2987 Ligeris
1006 2913 1090 3055 argi?
1105 2885 1262 2965 Verssliss
1275 2895 1392 2968 deduci
1403 2897 1515 2995 pollet.
1557 2910 1651 2986 Nam

630 2985 668 3056 lis
686 2985 805 3055 Briarei
822 2980 890 3055 fere
907 2986 951 3055 est
969 2983 1045 3055 adli
1088 2984 1166 3057 llam
1192 3011 1267 3059 cum
1292 2993 1494 3091 receptaculo
1513 2994 1569 3072 seu
1595 3027 1652 3077 co·

359 3015 376 3061 s¹
391 2985 516 3060 summa

301 3013 541 3155 llslmmilsario
554 3078 623 3153 ins
657 3104 713 3151 cus
733 3076 861 3176 fastigio
875 3077 1050 3153 collocato.
1082 3077 1208 3154 Verslm
1229 3110 1302 3180 quae
1315 3110 1386 3159 rum
1403 3083 1497 3163 fase
1515 3091 1586 3170 sum
1610 3101 1652 3173 li.

300 3177 462 3250 brationes
490 3183 528 3248 in
545 3175 598 3251 Bel
611 3195 643 3248 'sa
712 3200 726 3245 r
747 3169 871 3245 diversa
893 3177 1006 3245 itinera
1031 3231 1044 3264 ‚
1077 3175 1250 3250 manifesto
1271 3185 1529 3260 demonstrarunt
1549 3193 1653 3272 selua

297 3271 408 3346 solum
419 3272 669 3359 cisliurelianen
682 3294 736 3342 em
747 3266 871 3362 sylvam
883 3266 1108 3366 depreffiorem
1126 3274 1189 3343 ess'e
1200 3279 1347 3351 Versaliae
1359 3275 1449 3372 solo,
1461 3291 1652 3382 usqueadeo

297 3393 319 3440 a
385 3397 418 3442 rn
436 3371 455 3441 ὲ
475 3372 583 3467 Ligeri
609 3368 725 3440 adduci
745 3359 928 3436 nullatenus
945 3362 1032 3460 posse
1056 3423 1068 3455 ‚
1091 3365 1151 3439 nist
1171 3395 1229 3471 per
1245 3376 1478 3472 aquaeduCLum-
1499 3384 1523 3453 ὰ
1547 3386 1651 3461 medis

300 3461 336 3563 sy
350 3490 390 3537 va
405 3490 462 3566 per
486 3464 589 3536 multa
612 3461 761 3535 milliaria
778 3463 813 3530 in
832 3455 968 3535 sublime
989 3460 1111 3537 elatum
1129 3473 1164 3540 de
1189 3469 1383 3569 productum
1405 3498 1418 3544 ι
1441 3477 1528 3550 unde
1552 3480 1596 3554 ab
1613 3507 1652 3557 eu

302 3557 438 3636 consilio
452 3556 682 3635 discessumeli.

354 3660 422 3730 Res
434 3654 614 3729 faciliorem
630 3653 742 3727 habuit
759 3657 880 3727 exitum
891 3659 925 3726 in
940 3653 1012 3726 aliis
1024 3651 1247 3736 librationibus
1261 3690 1332 3764 quae
1342 3671 1363 3738 d
1375 3671 1421 3739 D.
1433 3672 1481 3742 D.
1493 3676 1650 3753 Picard&

299 3751 445 3823 Ro'e‘mer
460 3776 562 3850 prope
573 3747 728 3826 versalias
745 3748 838 3822 frua
857 3743 953 3824 sunt:
979 3776 1056 3822 nam
1076 3779 1113 3846 ee
1131 3754 1267 3833 feliciter
1289 3760 1528 3858 processerunt:
1551 3793 1648 3869 atque

300 3844 406 3915 esico
428 3852 564 3917 Bievreo
575 3844 695 3921 rivulus
714 3869 772 3940 per
788 3870 933 3919 montem
949 3850 1192 3923 Santauriacum
1256 3853 1391 3930 rfolsum
1413 3885 1454 3952 r4
1475 3858 1649 3965 hexapedrs

213 3968 218 3996 ⁴
297 3934 381 4011 infra
394 3945 513 4012 montis
531 3934 912 4038 planitiem‚substruslo
927 3943 1118 4043 aquaedustu
1129 3976 1189 4048 750
1210 3881 1468 4054 lsrapedarum,
1492 3957 1647 4036 deduuus

299 4032 345 4108 est
366 4031 520 4109 Versslias
536 4031 650 4135 usque.
