3646 5430
405 359 758 434 ACAD'EMIAE·
788 346 1114 430 HISTORIA.
1156 350 1305 432 [tulli.
1638 377 1641 388 ·

166 451 294 543 fluunt,
307 452 358 527 sed
375 462 413 528 iis
426 458 510 531 deest
523 454 721 546 consistentia
740 451 921 547 &firmitas
936 476 996 547 ,ac
1014 449 1129 562 frigidi
1143 455 1329 552 tempestate
1349 452 1443 522 nimis
1461 385 1532 524 sill
1550 497 1554 506 ·
1643 448 1647 459 '

167 549 304 647 fragilia.
337 554 568 650 Hydrargyrus
581 543 739 646 perexiles
752 544 846 619 rimas
857 545 961 616 statim
972 543 1103 632 elllurt‘,
1117 552 1264 642 'euinque
1284 551 1312 617 ei
1330 545 1531 643 aliquantum
1574 593 1580 603 ·

169 645 304 716 metallli
320 648 487 742 adjicitur,
501 672 540 717 ue
553 645 676 717 dillluat
692 702 704 733 ,
726 647 807 715 adeo
818 640 859 712 fri
885 640 988 739 ilia-est
999 697 1011 728 ,
1024 665 1061 713 ut
1079 665 1159 738 pene
1176 638 1369 714 llarinutilis.

219 747 276 815 Vl
289 750 315 817 1.
357 749 404 815 D.
417 739 589 840 Hombcrg
601 738 763 837 quandam
777 665 900 809 metalli
917 738 1081 807 misturam
1093 733 1251 824 adhibuit,
1262 761 1333 836 quae
1347 736 1409 808 leni
1423 738 1531 810 calore

166 833 193 907 li
221 833 347 909 uescens
360 835 431 907 vasa
449 834 513 933 ipsa
528 863 595 907 non
607 833 734 921 adurit,
750 856 886 932 quaeque
902 827 1015 902 inflexa
1036 857 1102 902 non
1125 828 1220 902 facile
1246 831 1416 932 frangitur.
1455 839 1530 905 Hac

167 862 241 1001 usus
256 933 300 1002 est
317 930 516 1031 potissimum
529 936 562 1002 iu
584 927 661 1000 vafis
679 927 859 1022 majusculis
876 981 886 1011 ,
903 949 939 996 ut
953 929 988 996 in
1001 925 1115 1022 aspera
1130 932 1250 999 arteriae
1263 934 1377 999 ramis:
1403 927 1453 1000 sed
1476 934 1531 1000 a'e'r

167 1022 277 1097 subito
301 1022 454 1099 rarescens
481 1050 543 1122 prae
559 1025 665 1096 calore
690 1023 811 1095 metalli
835 1017 895 1092 fusi
923 1023 1044 1119 jadlum
1064 1019 1168 1135 ipsum
1186 1017 1265 1095 solet
1288 1022 1456 1114 inhibere,
1475 1047 1531 1096 aut

168 1121 244 1193 vasa
262 1122 328 1220 ipsa
344 1118 535 1220 disrumpit,
554 1142 609 1192 aut
622 1121 752 1193 demum
765 1142 857 1214 parre
870 1114 991 1188 metalli
1009 1115 1173 1205 immissi,
1196 1119 1284 1214 quod
1300 1120 1462 1212 reliquum
1474 1122 1533 1206 cst,

168 1218 239 1288 n'on
252 1216 355 1290 subit:
375 1221 456 1288 adeo
469 1240 503 1286 ιιι
517 1215 600 1288 male
616 1215 795 1288 cohaereant
806 1218 889 1283 inter
909 1205 940 1281 so
952 1214 1060 1309 injecti
1073 1211 1209 1310 liquoris
1223 1235 1337 1311 partes.
1366 1217 1531 1311 lnterdum

170 1335 280 1386 tamen
298 1340 346 1385 res
359 1313 440 1385 bene
458 1307 608 1410 processit
620 1369 627 1394 ,
643 1320 718 1382 cum
730 1307 948 1409 pervasorum
960 1330 1099 1378 extrema
1116 1315 1170 1379 a'c'r
1183 1307 1319 1380 liberum
1332 1307 1444 1383 habuit
1458 1315 1532 1383 exi-

172 1429 256 1484 tum.
289 1409 354 1480 Cui
371 1407 584 1480 incommodo
603 1429 639 1477 ut
655 1427 850 1489 occurreret,
872 1400 1023 1474 machind
1038 1403 1178 1499 quidam
1196 1399 1267 1474 usur
1286 1406 1330 1476 est
1345 1462 1355 1491 ,
1371 1409 1443 1501 quae
1460 1404 1534 1479 satir

171 1501 252 1574 bene
262 1502 406 1575 succeffit
417 1539 426 1592 3
439 1502 490 1571 sed
502 1526 576 1572 curn
589 1505 722 1572 nimiam
733 1495 942 1570 assiduitatem
959 1503 1089 1596 erigat,
1110 1500 1206 1571 aliam
1218 1505 1352 1571 tentavit
1365 1508 1451 1573 viam
1469 1525 1533 1599 ope

171 1600 328 1670 machina
351 1601 571 1696 pneumatica.
606 1599 782 1667 Rationem
799 1600 908 1690 itaque
924 1600 1082 1693 cogitavit
1098 1593 1171 1666 vasa
1192 1592 1347 1666 rnachinae
1360 1595 1402 1668 fic
1416 1621 1533 1696 aptan-

172 1694 207 1763 di
221 1719 255 1767 ut
272 1692 376 1762 fusum
392 1690 558 1761 metallum
570 1695 692 1761 externi
706 1694 785 1762 a‘c'ris
805 1691 943 1787 pondere
968 1716 1004 1760 ea
1021 1687 1163 1763 subiret:
1189 1693 1264 1762 nani
1289 1691 1439 1766 exhausto
1458 1697 1532 1764 a'e‘re

175 1786 194 1856 ὃ
213 1786 316 1872 vasu,
341 1786 419 1857 nibil
436 1783 573 1855 obstabit
585 1790 758 1880 quominus
770 1788 901 1855 materia
914 1785 1075 1857 metallica
1094 1785 1164 1857 vasa
1183 1784 1249 1884 ipsa
1269 1785 1386 1860 subeat.
1433 1790 1532 1862 Hanc

174 1885 209 1954 in
228 1907 297 1953 rem
311 1880 465 1979 campani
478 1883 579 1950 vinea
597 1877 668 1950 usus
687 1881 751 1967 eu,
774 1885 809 1951 in
828 1890 917 1970 cujus
940 1902 1028 1979 parte
1053 1877 1178 1954 summi
1198 1880 1321 1953 collum
1342 1909 1423 1979 pene
1446 1908 1482 1957 ut
1496 1890 1533 1957 in

172 1975 287 2073 lageni
299 1975 435 2048 extabat.
473 1979 562 2045 Huic
578 1998 759 2070 cupreume
785 1976 947 2048 istomium
960 1974 1041 2046 bene
1053 1977 1206 2051 detritum
1220 2002 1294 2048 curn
1310 1977 1397 2064 collo
1417 1980 1459 2052 fic
1471 2003 1532 2079 ap·
1598 2018 1605 2028 ·

172 2077 257 2146 tavit
269 2131 279 2159 ,
292 2097 327 2141 ut
339 2071 465 2140 nullum
479 2074 544 2137 acri
564 2069 714 2168 praeberet
729 2002 863 2144 astum.
898 2076 1006 2163 Hujus
1019 2072 1167 2145 emissarii
1181 2074 1250 2147 rubi
1265 2126 1272 2152 ‚
1298 2073 1350 2145 seu
1372 2079 1533 2171 epistomii

173 2192 245 2265 pars
258 2170 394 2237 exterior
413 2178 481 2235 erat
497 2166 591 2234 inslar
603 2163 811 2254 infundibili3
854 2193 903 2238 ars
917 2166 1016 2238 altera
1031 2170 1113 2240 iutra
1131 2195 1321 2270 campanam
1339 2173 1459 2244 inclusa
1472 2198 1533 2263 vag

173 2268 226 2333 riis
243 2258 453 2333 foraminibus
473 2264 507 2328 in
527 2258 664 2328 cochleae
676 2262 810 2330 modum
824 2191 971 2333 bematis
994 2260 1036 2332 stc
1051 2264 1174 2358 pertusa
1186 2269 1248 2338 fuit
1270 2322 1280 2352 ,
1302 2289 1337 2337 ιιι
1356 2266 1459 2363 plures
1478 2272 1533 2339 tu·

173 2355 241 2428 buli
256 2357 302 2427 his
322 2353 413 2426 inseri
430 2350 573 2452 pollent,
590 2352 783 2448 iisque'vasa
797 2357 944 2427 animalis
963 2361 1004 2452 ap
1027 2355 1116 2429 licar'i
1130 2386 1140 2430 ι
1161 2365 1334 2456 unicuique
1350 2360 1464 2435 tubulo
1477 2388 1533 2436 var

173 2457 221 2523 irn
247 2453 374 2521 lendum
388 2450 548 2546 illigatum
565 2447 626 2519 fuir
645 2447 801 2519 funiculo·
840 2453 931 2524 Turn
946 2383 1117 2549 epillomio
1132 2480 1251 2554 cupreo
1270 2460 1352 2528 intra
1371 2480 1532 2557 campane

174 2480 297 2620 collum
309 2543 473 2631 immillo,
490 2568 644 2641 campana
659 2542 814 2615 machina
833 2551 1035 2643 pneumatice
1046 2548 1179 2621 admota
1197 2551 1261 2636 est,
1285 2549 1437 2622 exhausto
1458 2558 1533 2624 a'e're

172 2642 345 2715 metallum
361 2644 519 2737 liquatum
536 2664 591 2737 per
607 2636 846 2712 infundibulum
861 2636 1000 2713 affusum
1018 2642 1100 2731 fuit,
1120 2648 1208 2741 quod
1224 2642 1322 2742 usque
1335 2649 1374 2716 ad
1389 2670 1531 2720 extrema

174 2739 324 2808 vasorum
338 2739 482 2807 manavit
504 2740 582 2804 citra
596 2731 698 2803 ullum
713 2732 918 2807 interclusum
940 2740 1036 2810 a'c'rat
1060 2739 1136 2810 vasis
1156 2738 1229 2841 ipsis
1252 2744 1400 2814 detradlis
1416 2767 1531 2817 eorum

173 2831 275 2932 figura
289 2833 422 2903 metallo
435 2825 602 2926 impressa,
617 2853 719 2924 eaque
730 2833 916 2929 incorrupta
932 2830 1056 2930 perstat.

233 2935 339 3020 Hujus
361 2925 481 2997 metalli
495 2950 531 2994 ea
544 2926 587 2994 est
603 2920 795 3020 compositio
817 2961 827 3017 3
852 2950 956 3023 partes
978 2926 1114 3023 aequalcs
1140 2930 1296 3026 plumbi,
1320 2929 1470 3003 bismuthi
1496 2942 1530 3008 δε

173 3027 275 3098 stanni
291 3025 353 3091 und
366 3020 460 3105 fusae,
483 3045 552 3114 quae
567 3017 649 3089 benc
666 3019 762 3087 mista
783 3017 919 3115 speciem
938 3023 1056 3094 mctalli
1079 3024 1242 3113 conflant,
1266 3051 1305 3098 ac
1328 3028 1390 3098 leni
1411 3027 1531 3100 admo-

173 3123 252 3192 dum
266 3117 373 3189 calore
387 3118 561 3213 liquantur.
600 3119 680 3185 Haec
698 3136 810 3186 tamen
822 3113 999 3187 adhibenda
1016 3119 1060 3188 est
1081 3128 1209 3209 cautio,
1228 3145 1264 3193 ut
1277 3125 1481 3220 epistomium
1496 3133 1531 3198 &

174 3216 296 3287 collum
316 3237 477 3310 campanae
496 3206 661 3306 separatim
675 3209 765 3279 valde
778 3210 968 3283 incalescant
988 3269 999 3299 ,
1020 3209 1203 3312 priusquam
1222 3220 1427 3316 epistomiurn
1449 3223 1533 3291 intra

175 3310 297 3382 collum
329 3308 504 3378 intrudatur
527 3314 559 3376 δι
578 3304 742 3375 metallum
767 3305 949 3378 affirndatur
965 3364 977 3394 ,
996 3307 1083 3380 secus
1103 3335 1258 3410 campana
1278 3313 1498 3408 confringetur
1519 3351 1532 3409 3

174 3407 317 3503 quandiu
333 3403 386 3472 illa
401 3405 588 3486 exinanitur,
602 3398 723 3467 serrum
736 3400 872 3469 calidum
883 3403 1053 3496 epistomio
1065 3406 1108 3473 est
1118 3407 1354 3475 admovendum
1369 3461 1381 3492 ,
1402 3432 1442 3486 ne
1461 3434 1534 3479 me.

174 3501 289 3573 tallurn
309 3492 491 3568 concrescat
509 3497 540 3561 in
562 3490 632 3590 ipso
659 3490 863 3561 infundibulo
885 3524 895 3578 ;
918 3495 1017 3586 idque
1033 3502 1145 3593 pingui
1168 3503 1299 3569 materia
1312 3499 1394 3569 illini
1414 3501 1509 3572 debet
1519 3513 1537 3591 ,'

175 3622 250 3692 quae
264 3615 439 3687 utcumque
455 3584 674 3673 confistat,nec
692 3583 764 3682 plus
778 3581 849 3655 satis
861 3582 897 3655 srt
912 3584 1031 3675 fluida,
1053 3615 1113 3660 nec
1126 3616 1189 3690 prae
1210 3588 1314 3662 calore
1335 3599 1482 3689 crepitet,
1493 3622 1533 3671 ne

173 3693 299 3763 collurn
313 3709 477 3782 campana
492 3680 667 3780 frangatur.
690 3680 814 3753 Oleum
834 3678 890 3750 lini
902 3720 913 3768 ,
925 3706 981 3752 aut
1002 3685 1161 3760 olivarum
1180 3710 1255 3757 cum
1273 3690 1378 3757 minio
1402 3693 1531 3763 mistum

175 3788 270 3860 instar
288 3787 440 3879 unguenti
453 3781 492 3849 ad
506 3776 590 3850 hauc
611 3802 679 3846 rem
692 3781 853 3873 optimum
866 3778 921 3850 est.
958 3783 1039 3849 Duae
1056 3805 1159 3877 partes
1185 3783 1248 3852 olei
1263 3806 1337 3851 curn
1358 3806 1421 3852 uua
1440 3792 1533 3861 minii

175 3881 361 3963 miscentur,
377 3879 527 3947 coctione
539 3871 605 3970 ipsa
618 3873 775 3967 quidquid
797 3873 840 3943 esi
860 3876 942 3943 acris
955 3871 1094 3946 difflatur
1112 3931 1123 3962 ,
1145 3904 1186 3949 ne
1203 3874 1393 3949 incalescens
1412 3905 1530 3981 crepet.

175 3979 370 4051 Cavendum
387 3998 426 4044 ne
436 3968 510 4040 vasa
523 3994 593 4064 quae
606 3967 765 4065 implenda
778 3966 870 4053 sunt,
892 3968 968 4040 anti
981 3968 1098 4042 suerint
1112 3997 1197 4069 aque
1215 3973 1383 4063 immersa,
1409 4001 1464 4048 aut
1477 4003 1530 4050 ex·

176 4073 360 4172 primendus
389 4069 433 4138 est
455 4090 492 4136 ex
522 4072 559 4135 iis
584 4064 731 4148 humor,
756 4085 860 4157 eaque
877 4059 960 4134 bene
978 4063 1050 4136 sunt
1063 4062 1270 4144 exsiccanda:
1293 4065 1380 4143 secus
1400 4077 1454 4143 a'c'r
1483 4073 1533 4149 hir

175 4163 344 4240 conclusus
363 4160 486 4236 metalli
509 4158 667 4231 fusionem
686 4153 853 4229 inhibebit·
