3646 5430
257 333 624 458 ‘'acantnru
694 376 1208 457 trrsrontntmvr.
1405 399 1466 483 ru

93 476 212 554 sursum
227 480 382 565 tollatur,
403 479 547 577 potentii
564 503 645 576 opus
661 476 706 547 est
720 474 921 570 tolibratum
936 483 971 549 de
990 475 1088 575 paulo
1099 475 1238 577 amplius
1251 533 1262 568 ,
1274 475 1458 582 qualipon.
1470 485 1562 558 Ma
1579 512 1583 520 ·

94 579 159 648 deri
182 607 221 671 30
240 577 394 648 librarum
411 633 420 663 ,
440 600 482 648 ιο
498 576 608 645 additae
625 572 764 645 fuissent·
1472 587 1591 663 chaus

149 682 183 748 X
198 680 225 747 1.
253 680 297 745 Ex
310 678 345 743 iis
359 673 559 743 concluditur
575 693 734 767 quantum
752 665 832 768 sepe
842 691 904 740 nos
915 665 1006 739 sallat
1018 665 1183 758 calculus,
1200 692 1275 741 curu
1286 677 1320 744 in
1333 676 1460 750 macili-

93 775 143 842 nis
156 770 387 843 tantummodo
397 774 546 857 potentiae
558 792 632 838 curn
644 765 847 864 ponderibus,
861 774 893 838 &
905 765 1050 837 distantia
1062 763 1104 836 ab
1113 764 1352 861 hypomochlio
1365 798 1463 844 com.

94 892 246 964 parantur
258 875 291 938 &
305 859 448 934 afflictus
464 861 519 958 ipfi
539 862 745 960 negliguntur
759 896 769 952 3
783 887 820 933 ac
835 860 967 933 subinde
984 859 1053 933 fieri
1065 862 1168 961 potest
1188 884 1223 934 ut
1242 871 1369 941 attritus
1388 897 1465 945 om.

94 985 171 1033 nern
183 962 337 1033 machina
350 984 387 1029 ex
401 956 460 1030 suu
476 981 582 1029 ortam
597 956 743 1028 detrabat
761 958 947 1030 utilitatem.

147 1061 198 1131 Est
212 1060 290 1129 altus
302 1053 390 1150 isque
407 1079 474 1124 non
488 1054 741 1127 contemnendus
754 1053 836 1126 obex
851 1059 908 1149 qui
919 1051 1143 1129 machinarum
1153 1054 1289 1130 effedlut
1303 1084 1369 1132 non
1388 1082 1468 1137 mea·

94 1157 246 1226 diocriter
261 1157 446 1239 imminuit,
466 1149 594 1221 sunium
612 1154 765 1221 nimirum
783 1154 841 1249 qui
863 1151 972 1247 sapius
986 1154 1020 1219 in
1043 1153 1192 1224 machinl
1206 1179 1464 1253 contorquentur

94 1255 204 1348 rigor,
219 1276 317 1346 quem
330 1252 375 1321 D.
387 1250 572 1320 Amontons
583 1245 766 1345 diligentius
778 1247 1058 1343 expendit,atque
1079 1245 1146 1320 bac
1167 1248 1370 1348 potissimum
1388 1259 1463 1342 ani?
1499 1318 1506 1331 .

96 1349 281 1420 madvertit.
1319 1375 1322 1383 ·

140 1447 260 1512 Funem
287 1468 330 1514 eo
354 1434 514 1510 difficilius
539 1438 627 1514 flecti
661 1499 672 1530 ,
696 1461 773 1536 quo·
796 1438 928 1536 rigidior
953 1440 1025 1521 est.
1046 1445 1081 1512 δι
1104 1437 1220 1514 tenlior
1240 1468 1303 1544 pra
1321 1447 1470 1545 pondere
1549 1443 1558 1452 ⁸

95 1565 171 1612 eum
185 1538 344 1628 trahente,
361 1565 378 1609 2
397 1539 487 1631 ,qud
504 1539 591 1611 idem
606 1540 651 1610 eil
666 1533 813 1625 craffior,
836 1535 938 1633 aqud
962 1535 1061 1609 flexus
1085 1541 1186 1635 magis
1205 1545 1390 1616 incurvatur
1406 1566 1464 1622 aut

97 1642 181 1706 eirca
197 1640 359 1706 minorem
372 1633 553 1725 cylindrum
566 1632 760 1706 involvirun
1133 1674 1140 1685 «
1241 1678 1244 1686 ι

152 1737 240 1803 Tum
255 1735 287 1801 id
306 1754 440 1827 quoque
456 1725 587 1828 suscepit
606 1727 853 1802 examinandum
867 1728 933 1825 qud
948 1734 1161 1830 proportione
1180 1733 1299 1807 diuersi¹
1315 1736 1366 1811 illi·
1388 1737 1464 1811 obi·

97 1821 316 1900 desuescant
356 1832 439 1919 Qu
453 1850 490 1895 ert
504 1824 697 1923 ponderibus
714 1822 826 1896 funem
841 1823 1037 1897 trahentibus
1060 1831 1163 1898 oritur
1179 1827 1347 1904 resrllentia
1362 1891 1373 1923 ,
1387 1854 1466 1907 auco

97 1929 138 1996 tit
152 1920 498 2020 ponderibusfimiliter
511 1938 645 2018 augetur
667 1957 676 2013 3
701 1938 772 2019 quae
791 1916 974 1992 exeraffitie
992 1921 1119 1994 lunium
1141 1978 1152 2009 ,
1172 1933 1260 2018 juxta
1284 1929 1464 2001 diametro·
1496 1924 1500 1934 ’

93 2045 171 2091 rum
191 2023 352 2089 rationem
368 2013 499 2103 crescit;
513 2040 585 2114 quae
601 2042 641 2090 ex
656 2025 762 2118 rigore
775 2013 903 2087 funium
924 2016 1158 2113 proficiscitur,
1186 2021 1228 2091 ed
1244 2047 1376 2120 quoque
1390 2046 1464 2096 ma·

96 2124 147 2212 jor
165 2115 209 2184 est
228 2169 238 2198 ,
255 2118 327 2209 qud
335 2113 421 2186 flecti
437 2119 529 2185 citius
542 2139 713 2212 coguntur.
748 2116 921 2207 Quantum
937 2112 993 2184 illa
1007 2118 1147 2214 rigiditas
1157 2117 1386 2193 detrimentum
1400 2148 1463 2221 pa.
1581 2130 1587 2137 ·

97 2216 158 2281 riat
172 2204 303 2279 effeClui
320 2209 489 2299 maehina,
503 2213 684 2309 diligentius
701 2214 881 2284 examinata

514 2543 845 2628 CAPUT
935 2549 1040 2634 IV.

458 2764 514 2835 De
554 2755 752 2869 catopricis
790 2754 834 2847 ό·
868 2759 1087 2872 Dioptricis„

94 2969 129 3051 1.
234 2966 308 3042 Um
329 2969 441 3040 oculus
462 2969 496 3035 in
518 2961 683 3065 speculum
698 2991 754 3066 per
768 2968 938 3062 obliquam
957 2966 1132 3038 admodum
1156 2969 1273 3043 lineam
1296 2973 1469 3070 dirigiturr

237 3090 305 3137 turn
318 3063 452 3155 candele
465 3061 622 3151 accensa,
637 3074 670 3136 δε
686 3090 748 3162 pro
771 3070 819 3136 ius
836 3064 974 3136 admota
996 3067 1170 3160 imaginem
1183 3075 1343 3141 cernimur
1355 3069 1468 3166 saepitu

96 3167 367 3264 multiplicatam,
380 3164 424 3231 ita
437 3183 472 3230 ut
484 3154 555 3255 ipsae
566 3162 721 3257 imagines
734 3090 858 3259 simper
868 3156 1038 3229 debiliores
1047 3184 1234 3257 appareant.
1249 3170 1356 3263 Hujus
1375 3167 1464 3264 plraea

96 3267 230 3333 numeni
248 3254 318 3328 satis
342 3254 481 3353 vulgaris
499 3258 659 3326 rationem
676 3256 872 3355 &principiis
894 3256 1054 3353 Optima,
1073 3262 1106 3328 dt
1132 3261 1338 3358 Camptrices
1354 3266 1469 3339 attulit
1556 3270 1559 3275 ’

96 3365 144 3432 D.
154 3356 234 3429 dela
250 3358 357 3440 Hire,
373 3373 511 3445 eamque
523 3350 661 3421 dilucide
681 3353 845 3448 exposuita
877 3354 977 3444 Qtod
993 3349 1014 3420 st
1037 3352 1105 3420 duae
1119 3376 1244 3426 tantum
1258 3354 1357 3428 essent
1376 3363 1464 3430 ima.

95 3461 207 3554 gines,
224 3445 315 3523 causa
337 3445 410 3544 ipso
424 3471 491 3514 non
504 3444 595 3513 valde
611 3443 686 3514 esset
705 3445 855 3519 involuta
875 3470 885 3515 r
916 3446 984 3514 duae
1004 3450 1125 3540 quippe
1150 3445 1231 3519 fiunt
1254 3449 1471 3544 reflexiones,

96 3576 160 3622 una
174 3553 208 3618 in
223 3549 322 3643 priori
334 3539 453 3639 speculi
466 3535 651 3635 superficie,
675 3538 774 3609 altera
790 3544 823 3608 in
840 3540 1006 3632 posteriori
1031 3563 1101 3635 que
1123 3542 1236 3612 stanno
1253 3545 1383 3616 indutu
1407 3551 1472 3625 elle
1576 3624 1579 3630 ,

94 3651 142 3720 Ex
163 3641 314 3715 omnibus
333 3639 426 3709 radiis
438 3638 495 3731 qui
514 3638 547 3703 in
560 3638 703 3731 priorem
727 3638 894 3705 inourtunt
914 3630 1133 3730 superficiem,
1148 3661 1220 3736 pars
1233 3645 1339 3711 minor
1354 3641 1467 3716 reiice-

96 3748 174 3815 titur
191 3797 202 3828 ,
223 3740 327 3810 careri
340 3731 505 3833 speculum
510 3751 690 3897 penetrant
704 3739 738 3804 δι
755 3728 947 3825 franguntur
960 3733 1044 3801 intra
1057 3736 1179 3806 vitrum
1192 3789 1201 3819 ,
1216 3740 1305 3832 iique
1322 3742 1353 3807 in
1377 3738 1464 3811 stan·-

96 3863 177 3910 num
193 3831 364 3917 desinunt,
380 3829 508 3900 undere
533 3828 619 3897 liunt·
633 3831 753 3898 iterum
769 3824 897 3896 refracti
926 3861 943 3919 3>
967 3850 1107 3925 cumque
1124 3827 1286 3904 uberiores
1303 3834 1381 3903 radii
1408 3860 1465 3932 pen

96 3936 308 4032 posteriorem
323 3925 528 3999 reflexionem
541 3944 654 3994 exeant
672 3980 682 4010 ,
696 3923 840 3994 vividam
857 3929 960 4022 magis
983 3930 1166 4018 exprimunt
1178 3931 1222 3997 rei
1237 3926 1465 4020 objeelaeima.

96 4035 219 4127 ginem.
241 4031 322 4122 Qu
334 4023 466 4119 quidem
478 4021 578 4091 modo
601 4020 670 4090 doe
691 4040 819 4091 tantum
831 4022 987 4118 imagines
1008 4019 1209 4120 explicantur
1223 4048 1331 4111 ,cum
1354 4048 1466 4100 tamen

96 4125 203 4223 plures
216 4119 307 4192 famul
318 4140 502 4218 appareant.
969 4212 971 4215 v

155 4226 205 4292 111.
244 4216 363 4292 Eadem
379 4213 445 4285 fere
458 4214 507 4284 eil·
522 4216 607 4286 ratio
617 4211 745 4285 alterius
759 4210 965 4308 pbaenomeni
978 4213 1074 4309 quod
1086 4213 1130 4285 est
1151 4213 1332 4315 hujusmodi
1353 4242 1464 4292 tcum

96 4343 153 4417 per
170 4320 292 4388 vitrum
307 4310 440 4410 pianum
456 4317 489 4382 de
504 4309 642 4411 politum
653 4334 702 4381 res
713 4305 869 4381 luminosa
884 4366 896 4396 ,
910 4307 1013 4405 qualis
1032 4309 1077 4380 est
1089 4311 1217 4383 candela
1225 4311 1370 4397 accensa,
1381 4340 1465 4389 cone

96 4419 247 4513 spicitur,
267 4435 312 4482 ea·
326 4430 460 4502 quoque
483 4405 652 4506 multiplex
661 4428 820 4503 apparet,
841 4406 894 4478 sed
906 4409 1061 4503 imagines
1083 4406 1171 4504 quast
1191 4411 1349 4505 gradatim
1372 4410 1467 4482 debi-

96 4511 193 4582 liores
205 4504 311 4592 fiunt,
335 4501 510 4598 aequalibus
519 4503 728 4574 intervallisa
746 4497 907 4579 seruntuo
920 4501 1102 4590 distantes,
1125 4512 1159 4576 δι
1184 4511 1238 4576 eo·
1256 4507 1467 4579 distinetione

97 4627 296 4691 cernuntur,
311 4598 477 4697 qub'redla
487 4597 570 4669 linea
580 4596 622 4670 ab
637 4597 767 4690 objedlo
780 4600 819 4671 ad
832 4597 964 4670 oculum
974 4598 1069 4667 dueta
1080 4599 1124 4669 ell
1141 4598 1323 4694 obliquior.
1344 4611 1466 4674 verant

99 4699 192 4792 bujus
213 4697 418 4796 phaenomeni
437 4695 619 4793 posterioris
640 4699 798 4768 rationem
812 4701 862 4769 θ’.
875 4694 914 4763 de
927 4693 957 4764 la
974 4698 1056 4765 Hire
1070 4719 1109 4766 ex
1124 4691 1317 4792 fimplicibus
1331 4705 1364 4769 dt
1379 4699 1471 4797 pers«

96 4790 214 4896 spicula
228 4799 365 4898 Opticet
378 4794 544 4894 principiis
555 4790 703 4886 deducit,
720 4815 824 4893 eaque
843 4791 885 4866 ad
896 4793 983 4892 prius
998 4789 1347 4963 phenonpeppubsaeile
1358 4794 1473 4896 appla}r

1284 4913 1312 4989 ¹l
