3646 5430
281 366 630 445 ternanta
668 370 993 450 rtis-route.
1035 375 1181 454 mar.
1376 408 1415 481 ,7

37 474 121 548 irem
140 466 187 542 ab
210 468 331 542 eodem
354 469 480 561 pundlo
496 473 556 558 D,
580 466 687 542 versus
712 473 769 557 P,
795 465 935 543 sumatur
952 497 1043 544 arcus
1065 476 1163 547 medii
1180 477 1291 550 mortis
1305 483 1338 552 D
1352 489 1413 588 Q
1426 482 1542 585 Physt.

40 573 95 668 qui
109 561 311 666 respondeat
327 567 352 635 B
367 570 416 651 P,
439 561 528 636 &fic
546 565 585 638 de
604 565 685 638 aliis.
713 565 961 663 jam-ducantur
974 565 1063 640 lineae
1079 574 1104 640 E
1118 576 1163 658 Β,
1189 577 1281 663 FB,
1307 583 1382 676 QB
1397 577 1474 665 ju,

43 663 154 831 praelii
174 687 261 761 opus
281 657 321 732 fit
335 661 506 827 prppudtp)
515 655 647 828 sedcpppp,
637 667 671 733 in
691 662 819 758 punctis
841 665 898 752 H,
922 668 975 751 G,
996 667 1053 753 R,
1075 673 1139 738 dcc·
1163 670 1286 764 priores
1310 663 1411 747 lineas

41 784 107 835 rar
275 779 325 828 tes
339 780 381 826 ve
411 778 447 825 us
649 805 657 822 .

56 892 61 897 ·
92 758 291 953 Hm
309 850 332 922 si
352 875 426 922 vera
447 851 517 939 est,
544 850 584 922 de
603 876 667 949 qua
692 858 820 952 agitur,
838 850 1044 951 hypothesis,
1065 861 1100 927 dc
1121 881 1276 930 accurata
1289 859 1409 940 fuerint

44 948 436 1036 observationes,omnes
456 944 517 1017 illoe
539 944 779 1020 interfectiones
799 955 834 1020 in
857 949 968 1019 cadem
994 951 1081 1021 recta
1107 955 1140 1024 R
1170 959 1205 1025 H
1232 961 1264 1027 G
1292 956 1408 1032 futura

46 1046 126 1124 funt.
162 1040 393 1141 Qamobrem
422 1066 479 1142 pet
498 1040 621 1140 lingula
643 1041 903 1115 intersediionum
926 1044 1000 1115 loca
1028 1046 1162 1119 dummt
1190 1054 1276 1122 tecla
1304 1053 1409 1140 linea,

47 1166 146 1241 atque
168 1140 368 1239 ‘apundoB
388 1144 422 1209 in
448 1161 521 1208 eam
545 1140 666 1208 tectam
688 1163 743 1237 per
807 1136 991 1210 dicularisB
1007 1144 1024 1211 1
1039 1145 1204 1240 erigatur,
1223 1150 1411 1243 pundlutnl

48 1243 109 1313 erit
135 1249 284 1309 centrum
303 1231 420 1332 cllipfis
439 1228 637 1330 quaesitum:
664 1164 820 1334 puntldnm
845 1235 873 1304 Ι.
898 1288 909 1320 ,
936 1240 998 1307 erit
1019 1236 1100 1307 alter
1124 1239 1144 1309 ὲ
1175 1239 1291 1329 focis,
1324 1249 1412 1318 circa

48 1357 158 1432 quem
179 1352 314 1403 motura
338 1353 451 1427 parens
475 1327 650 1400 absolvitur
676 1364 686 1418 3
708 1330 793 1400 recta
816 1354 887 1428 quae
911 1355 968 1429 pet
989 1337 1005 1402 1
1029 1335 1057 1404 L
1080 1333 1223 1423 transit,
1251 1337 1412 1413 diametro

51 1435 81 1503 B
104 1434 141 1498 D
163 1423 286 1525 :qualis
307 1355 452 1523 sulmpta,
466 1428 528 1494 erit
540 1428 605 1496 axis
617 1429 651 1494 in
664 1448 733 1522 quo
748 1430 928 1524 Apogaeum
940 1427 1085 1500 fututum
1104 1429 1149 1500 est
1170 1430 1275 1503 versus
1288 1456 1412 1531 partem

52 1529 102 1614 1,
123 1551 169 1600 ex.
186 1547 236 1621 gr.
262 1527 298 1594 in
317 1522 439 1618 punito
461 1524 531 1606 M,
551 1525 725 1617 perigaeum
737 1521 778 1590 ad
791 1541 916 1616 partem
937 1525 1039 1610 L,ut
1056 1530 1090 1593 in
1104 1526 1228 1619 pundo
1250 1532 1297 1600 Ν.
1319 1530 1412 1604 Alter

57 1618 165 1707 focos,
185 1625 279 1711 cujus
301 1613 409 1687 habita
425 1619 549 1688 tatione
561 1612 597 1684 fit
614 1615 738 1686 medius
751 1614 884 1714 planetae
897 1639 1026 1703 motus,
1049 1622 1110 1688 erit
1129 1624 1286 1717 pundium
1304 1631 1366 1714 O,
1385 1626 1409 1698 ss

58 1715 133 1788 linea
154 1717 249 1802 10,
271 1736 411 1813 ponatur
430 1708 559 1808 aqualis
578 1713 671 1780 redlae
688 1714 762 1797 IL,
785 1734 823 1784 ac
841 1710 987 1782 distantia
1009 1711 1075 1784 loci
1100 1721 1280 1812 apparentis
1295 1726 1345 1808 B,
1368 1723 1411 1793 ab

23 1820 28 1825 “
57 1813 198 1910 Apogaeo
213 1807 292 1897 ,seu
312 1830 389 1879 vera
401 1805 576 1879 Anomalia
588 1809 649 1876 erit
669 1804 804 1903 angulus
824 1808 891 1876 BL
906 1807 958 1876 M.
1019 1831 1064 1876 uae
1083 1814 1191 1879 omnia
1204 1835 1242 1880 ex
1257 1815 1411 1889 consensu

60 1901 336 1991 observationum,
350 1909 384 1975 dc
409 1896 685 1981 interiectionibus
709 1959 719 1990 ‚
744 1926 800 1998 per
830 1924 911 2018 quas
932 1905 1019 1973 redsa
1088 1908 1123 1974 H
1141 1908 1171 1972 G
1186 1901 1318 1994 transit,
1338 1908 1411 1983 sunt

63 1999 191 2075 dtfinita.
216 1999 459 2074 Demonstratio
478 2001 511 2067 in
567 1996 678 2067 culiari
691 1998 916 2069 tradatuaD·
938 1995 1281 2090 caffinielucubmo,
1294 2028 1412 2107 nempe

66 2097 93 2164 in
111 2096 307 2194 planetarum
322 2095 467 2167 Theoria
485 2021 594 2190 pala‘m
615 2088 682 2166 fiet.

466 2397 507 2480 C
540 2397 576 2477 A
622 2396 651 2479 P
686 2399 731 2484 U
769 2396 809 2477 T
907 2402 928 2480 I
968 2403 1005 2488 Ι.

10 2638 14 2701 5
117 2586 167 2653 Dc
187 2571 400 2684 quibustuae
423 2580 670 2691 experimentis
700 2572 846 2684 Pbystcis
874 2580 980 2658 annis
1011 2576 1154 2661 1668.
1192 2571 1237 2662 ά
1275 2578 1299 2655 6
1312 2602 1351 2677 9.

517 2693 557 2768 in
578 2687 935 2803 academiafiadiis.

150 2875 289 2948 Mathesr
302 2880 342 2948 ad
357 2877 525 2977 Physicam
544 2885 728 2964 redeamus,
753 2908 792 2956 ac
805 2890 947 2983 primum
971 2882 992 2953 i
1013 2878 1175 2952 nonnullis
1188 2880 1410 2978 experimentis

149 2980 183 3044 in
196 2975 371 3048 Academia
383 2976 480 3048 fastis
490 3035 502 3067 ,
511 3002 646 3078 quaque
654 2977 694 3071 acl
703 2975 872 3078 Physicam
885 2977 1065 3079 generalem
1081 2975 1228 3048 uidentur
1239 2980 1409 3074 pertinere,

77 3069 206 3142 ducamus
220 3072 399 3143 exordium.

111 3172 132 3237 l.
151 3173 236 3263 Quae
251 3173 286 3236 in
301 3166 439 3239 Mathesr
452 3171 583 3242 inventa
598 3167 668 3242 sunt
683 3178 716 3244 dt
733 3174 851 3269 agitata
865 3193 938 3243 toto
953 3196 1034 3271 pene
1054 3172 1206 3258 triennio,
1219 3166 1321 3266 quam
1333 3166 1413 3239 bre:

78 3259 178 3334 tissime
200 3259 269 3332 fieri
294 3269 423 3357 potuit,
439 3289 507 3336 uno
530 3275 564 3339 dc
581 3267 696 3337 eodem
712 3287 823 3338 tenore
840 3272 884 3340 ita
899 3264 970 3338 sunt
985 3260 1145 3367 propofita
1159 3321 1169 3354 ‚
1184 3288 1222 3337 ut
1237 3269 1276 3335 iis
1290 3260 1411 3333 omiffis

76 3376 127 3450 qua
138 3363 219 3430 inter
233 3356 442 3430 Miscellanea
457 3367 523 3453 jam
538 3383 575 3462 ty
600 3366 624 3432 is
643 3362 792 3433 mandata
803 3360 902 3453 sunt,
928 3389 966 3435 ea
983 3361 1211 3434 tantummodo
1224 3384 1294 3458 quae
1313 3355 1412 3430 client

73 3450 220 3524 intelledtu
231 3451 402 3542 faciliora,
416 3475 470 3525 aut
482 3481 520 3529 ex
540 3484 596 3528 uu
615 3454 767 3556 publico,
785 3458 993 3531 traderentur.

105 3554 201 3621 Nunc
228 3548 372 3647 Physica
393 3553 682 3651 contemplationes
702 3575 761 3622 nos
780 3552 820 3621 ad
847 3549 878 3623 se
907 3571 1089 3635 revocant,
1116 3558 1150 3622 dt
1178 3569 1336 3646 quantum
1356 3543 1412 3613 illa

73 3637 183 3714 scientia
201 3649 354 3717 omnium
379 3668 459 3744 pene
479 3655 597 3720 artium
636 3671 726 3717 arens
741 3647 805 3715 hoc
823 3644 890 3718 fere
909 3644 1063 3730 biennio,
1079 3648 1232 3713 nimirum
1248 3641 1289 3711 ab
1305 3638 1413 3739 Aprili

74 3737 162 3808 nense
176 3746 252 3811 anni
268 3744 363 3812 1668.
384 3741 423 3810 ad
446 3746 573 3816 initium
589 3673 687 3838 usiae
699 3745 774 3811 anni
788 3756 888 3824 1670.
911 3752 1007 3837 (quo
1028 3744 1182 3837 temporis
1207 3733 1308 3836 spatio
1333 3761 1412 3832 pro-

71 3828 164 3901 fedus
181 3839 216 3904 in
241 3839 454 3908 Germaniam
469 3845 503 3910 &
525 3836 728 3937 inAngliam
741 3836 782 3910 ab
800 3839 976 3912 Academia
988 3834 1103 3923 abfui)
1120 3832 1318 3934 profecerit,
1339 3840 1409 3930 jam
1519 3855 1524 3861 ·

68 3925 169 3997 dicere
189 3934 349 4029 incipiam.
539 4018 541 4023 A
892 3936 900 3950 ‘

104 4029 148 4095 Et
172 4028 296 4120 quidem
316 4050 387 4098 tum
401 4035 553 4129 temporis
572 4054 657 4102 noua
670 4028 792 4128 ubique
803 4040 1018 4132 experimenta
1036 4033 1120 4101 circa
1132 4032 1201 4100 vim
1213 4032 1297 4100 a‘e'ris
1308 4025 1411 4098 elalli-

65 4141 130 4191 cam
155 4124 192 4189 in
217 4120 357 4194 mathim
385 4131 608 4222 pneumatica,
631 4134 719 4217 cujus
733 4152 807 4201 ante
823 4134 1059 4214 meminimus,
1084 4122 1294 4196 studiosorum
1323 4147 1411 4193 exer.

64 4215 174 4288 cebant
190 4219 328 4313 ingenia.
365 4226 440 4315 Ejus
454 4219 657 4296 conficienda
679 4228 724 4296 D.
743 4231 878 4321 Hugcns
899 4248 1019 4294 nouam
1040 4220 1214 4318 quamdam
1245 4226 1412 4290 invenerat

61 4317 215 4384 rationem
242 4312 283 4382 ad
304 4310 395 4387 usum
411 4322 512 4411 uirgis
534 4321 815 4391 accommodatam
836 4378 847 4408 ,
867 4327 955 4412 cujus
981 4334 1085 4415 partes
1107 4324 1141 4388 dc
1169 4316 1357 4386 structuram
1378 4316 1412 4382 in

59 4409 233 4480 Academia
249 4407 406 4508 exposuit.
445 4419 545 4486 Varia
562 4411 692 4486 subinde
707 4420 923 4514 experimenta
945 4412 1032 4484 sadra
1058 4412 1129 4483 sunt
1152 4467 1163 4498 ,
1189 4406 1343 4509 ingeniofi
1377 4417 1412 4479 dc

57 4505 168 4575 eruditi
188 4528 262 4576 tum
274 4511 402 4599 juvenis
422 4510 464 4575 D.
490 4515 592 4608 Papin
611 4509 717 4582 usuro
759 4538 793 4582 ra
819 4569 829 4598 ,
862 4536 932 4608 quae
955 4512 1063 4609 postea
1090 4505 1210 4606 publici
1228 4511 1306 4599 juris
1335 4505 1412 4574 secie

55 4620 141 4671 tuno
165 4615 271 4697 1674.
296 4600 352 4672 ubi
374 4600 621 4703 descriptionem
639 4633 711 4678 mac
737 4613 795 4678 inae
810 4630 993 4679 accuratam
1013 4607 1163 4691 tradidit,
1190 4600 1413 4674 &illustriora

54 4701 140 4768 circa
155 4696 326 4795 liquorum
345 4696 628 4775 fermentationem
642 4760 652 4791 ,
675 4704 854 4802 plantarum
871 4711 1107 4802 vegetationem
1123 4719 1321 4795 ,corporum
1333 4717 1414 4761 con-

53 4787 271 4892 ‚Etvatiouem
288 4791 377 4901 sa&
386 4799 604 4897 experimenta
617 4799 755 4876 dilucide
770 4799 915 4904 exposuit
929 4807 964 4874 in
977 4825 1019 4873 eo
1032 4797 1142 4874 libello
1155 4815 1270 4961 quetp1
1266 4793 1416 4864 Domino
