3646 5430
371 371 718 447 ACADEMIAE
778 370 1114 450 HISTORIA.
1161 377 1259 452 Lis.
1280 382 1309 452 1.
1468 395 1517 464 iro

172 464 359 544 animalium
371 474 535 541 interiores
544 465 714 568 perspestae
726 465 823 543 essent
838 481 850 568 (
864 470 929 544 hoc
948 479 1036 544 enim
1060 475 1200 545 niaximd
1222 475 1358 545 historie
1381 470 1517 543 naturali
1535 456 1624 569 ffiss·
1653 501 1657 511 ·

172 564 267 637 deesse
295 562 497 652 videbatur)
530 587 599 662 qoae
626 589 734 636 rameii
757 570 798 636 ad
824 574 1014 639 exteriorem
1044 594 1156 639 eorum
1182 566 1323 641 formam
1352 567 1513 667 speslant,
1531 575 1631 629 mm

191 656 371 732 raererrriilla
393 688 460 732 non
482 665 658 757 oportuit,
685 684 721 730 ut
743 667 882 759 partium
916 667 1064 737 omnium
1096 671 1178 735 inter
1204 664 1235 736 se
1258 688 1355 733 nexus
1383 673 1416 736 de
1445 658 1516 733 usus

171 689 343 827 babeantur
362 757 533 854 explorati.
567 758 668 848 Qod
693 752 715 824 si
735 761 895 828 interdum
909 759 1138 831 controversias
1156 763 1239 832 inter
1260 761 1417 829 Austores
1440 782 1517 827 nio-

169 874 211 924 tas
231 853 272 920 de
287 857 385 922 variis
397 851 585 922 animalium
607 850 792 924 nominibus
813 878 885 949 quae
909 878 1029 926 veteres
1054 856 1275 941 tradiderunt,
1295 879 1337 923 an
1361 853 1451 951 plura
1483 859 1519 923 &

165 941 283 1020 diverfi
304 943 418 1017 iisdem
445 945 579 1016 vocibus
600 942 758 1043 designata
780 949 926 1037 fuerint,
946 972 1001 1020 aut
1022 947 1159 1019 vicillim
1179 949 1270 1048 plura
1289 948 1445 1019 vocabula
1468 942 1521 1016 iis-

167 1043 238 1113 dem
262 1040 480 1112 animantibus
500 1041 602 1111 indita
619 1037 700 1127 fine,
720 1048 876 1140 attingere
893 1042 1013 1117 necesse
1032 1043 1119 1132 fuit,
1139 1043 1172 1114 id
1195 1043 1299 1115 obiter
1321 1042 1445 1114 factum
1461 1041 1519 1113 est.

168 1141 282 1234 Atque
308 1136 461 1207 iduoum
479 1136 635 1234 precipub
657 1160 739 1209 curae
763 1137 848 1226 suit,
879 1163 915 1211 ut
935 1137 1161 1234 descriptiones
1186 1139 1276 1212 nude
1302 1147 1336 1211 dc
1363 1138 1519 1236 fimplices

168 1237 253 1302 citra
276 1255 421 1303 mnarum
443 1232 547 1303 ullum
571 1227 788 1320 traderentur,
836 1261 882 1305 ιιι
906 1260 954 1306 res
981 1230 1060 1332 ipsas
1084 1259 1119 1306 ur
1139 1231 1211 1306 visae
1235 1231 1330 1319 sunt,
1356 1239 1401 1305 ita
1425 1232 1519 1304 erbi-

169 1323 310 1413 berent,
329 1327 396 1398 ferb
417 1351 453 1399 ut
475 1326 497 1397 s
529 1325 602 1396 cula
622 1349 692 1421 quae
714 1327 792 1399 nihil
805 1260 850 1398 sili
868 1328 1040 1400 admiscent
1061 1330 1265 1429 imaginibus.
1287 1330 1387 1426 Qud
1410 1327 1430 1398 fi
1455 1329 1523 1408 for·¹

170 1423 206 1494 ιὲ
226 1423 367 1518 quadani
385 1423 434 1493 his
457 1449 475 1492 a
498 1424 569 1492 ditae
588 1419 659 1491 sunt
682 1422 913 1522 Philosophicae
933 1426 1173 1512 meditationes,
1201 1427 1233 1496 id
1251 1427 1348 1498 instar
1370 1423 1523 1522 specim·

169 1520 220 1586 nis
243 1512 406 1607 enjusdam
425 1519 550 1590 fanum
569 1516 653 1602 fuit,
677 1541 714 1587 ut
730 1516 805 1588 hinc
826 1543 991 1618 appareret
1014 1525 1070 1613 qui
1090 1518 1212 1591 studius
1236 1546 1274 1591 ex
1302 1525 1341 1590 iis
1369 1518 1520 1591 observa-

171 1610 309 1682 tionibus
325 1618 448 1710 percipi
492 1610 611 1697 osl'int,
637 1611 660 1680 si
682 1612 769 1682 forte
784 1618 818 1688 in
833 1640 935 1685 unum
953 1640 1068 1713 corpus
1112 1618 1211 1713 idque
1228 1615 1368 1713 partibus
1381 1612 1441 1685 suis
1460 1611 1521 1683 ab·

166 1699 304 1814 solutum
324 1708 395 1803 aliq
482 1734 503 1777 0
519 1706 695 1780 coaluerint
710 1764 721 1794 ,
743 1717 777 1780 δι
791 1705 920 1809 copiosa
934 1708 1006 1781 satis
1029 1671 1288 1784 observationum
1302 1715 1434 1781 materia
1445 1707 1522 1781 fuci

165 1823 205 1871 rit
226 1825 429 1901 comparata.

214 1903 277 1969 tv.
313 1898 490 1969 Fatendum
506 1901 551 1970 est
563 1904 616 1969 vix
629 1899 731 1970 ullum
741 1899 802 1970 elle
817 1897 1048 1999 Philosophicis
1067 1901 1243 1974 rationibus
1262 1900 1395 1983 locum,
1411 1897 1468 1968 nifi
1480 1918 1522 1968 ex

166 1992 394 2066 communibus
407 1991 597 2091 quibusdam
612 1990 716 2066 effatis
730 2006 765 2068 &
779 1993 1048 2093 propositionibus
1058 2000 1291 2092 ducantur,qua
1300 1995 1432 2090 quidem
1442 2017 1520 2064 oni·

166 2093 251 2158 nium
266 2112 350 2190 pene
363 2113 470 2159 rerum
484 2088 676 2187 fingularum
690 2096 806 2161 notitia
820 2095 912 2160 inniti
928 2089 1033 2165 debet.
1077 2096 1122 2166 Ar
1147 2093 1286 2162 multum
1307 2093 1462 2185 temporis
1481 2094 1519 2161 dc

169 2182 254 2252 {ludii
267 2208 344 2257 aste
355 2184 401 2255 est
413 2180 654 2272 insumendum,
671 2189 773 2282 quam
790 2208 839 2257 ιοι
857 2210 963 2256 ιιιιιιιι
985 2181 1188 2287 singularium
1200 2185 1274 2256 buic
1292 2190 1337 2257 rei
1351 2179 1518 2255 necessaria

168 2283 310 2375 cognitio
324 2285 521 2376 acquiratur.
544 2285 706 2380 roirca
723 2279 817 2351 factis
844 2279 915 2377 ipsis
940 2289 974 2351 de
991 2281 1225 2354 narrationibus
1240 2285 1341 2378 magis
1360 2277 1520 2351 inheren-

168 2373 240 2446 dum
257 2376 472 2462 arbitramur,
491 2375 592 2471 quim
603 2374 777 2445 rationibus
790 2381 827 2446 iis
845 2371 1088 2538 Philosoplieis.

212 2482 262 2550 V.
285 2467 511 2568 Qaniobrem
532 2475 565 2539 in
589 2469 636 2538 bis
654 2467 919 2565 descriptionibus
934 2493 971 2538 er
996 2468 1117 2540 ibendis
1128 2467 1284 2538 diversam
1306 2466 1401 2563 planb
1414 2465 1456 2537 ab
1480 2491 1519 2538 ea

171 2593 270 2663 quain
284 2566 387 2638 secuti
397 2561 464 2636 sunt
474 2574 606 2638 Veteres
627 2625 637 2654 ‚
660 2564 779 2663 placuit
800 2570 880 2635 inire
898 2568 996 2636 viam.
1035 2563 1088 2635 llli
1106 2568 1194 2633 enim
1219 2560 1405 2632 animalium
1424 2560 1520 2630 histo-

172 2670 253 2732 riam
273 2687 311 2734 ιιι
328 2657 468 2733 scientias
486 2658 657 2731 universim
684 2662 940 2757 pertrailarunt,
957 2657 1014 2730 hic
1045 2683 1093 2730 res
1118 2656 1300 2754 singillatim
1320 2652 1520 2733 exhibentur.

174 2761 280 2829 Renes
297 2785 329 2832 v.
342 2781 391 2852 gr.
408 2752 466 2826 uifi
487 2781 525 2826 ex
547 2785 593 2851 52.
611 2754 788 2825 renunculis
802 2754 933 2825 conflari
950 2779 1016 2824 non
1033 2778 1152 2825 temere
1166 2748 1362 2823 affirmamus
1385 2786 1394 2840 3
1415 2750 1466 2824 sed
1483 2756 1519 2824 in

169 2848 237 2923 urso
249 2851 391 2926 diffisso
405 2844 540 2948 idipsum
557 2848 659 2920 visum
676 2857 696 2921 d
711 2847 801 2920 nobis
816 2846 918 2922 fuisse.
942 2853 1031 2920 Nam
1053 2849 1120 2920 fieri
1137 2849 1239 2945 potest
1256 2870 1292 2917 ut
1312 2851 1337 2916 is
1349 2843 1388 2918 fit
1400 2872 1520 2919 natutae

168 2946 278 3039 ludus;
304 2973 367 3019 nec
392 2950 549 3016 continuo
562 2946 594 3015 id
615 2942 818 3044 scriptoribus
840 2948 921 3015 vitio
943 2941 1141 3026 dandum‚si
1163 2969 1210 3016 res
1231 2940 1388 3039 ejusmodi
1404 2967 1520 3016 eorum

167 3043 365 3140 diligentiam
387 3037 572 3136 effugerint.

205 3135 382 3234 Cujusque
391 3134 537 3206 animalis
549 3131 649 3231 figura
660 3129 783 3204 summa
797 3159 873 3206 eura
887 3134 949 3208 fuit
960 3133 1118 3209 delineata
1139 3193 1150 3225 ,
1177 3144 1211 3209 dc
1228 3142 1366 3232 partium
1395 3138 1521 3231 magni-¹

167 3235 239 3303 tudo
253 3229 425 3316 dimensa,
451 3255 521 3326 quae
544 3233 625 3299 inter
644 3253 694 3298 eas
713 3228 750 3300 fit
772 3235 852 3302 ratio
869 3231 1034 3330 diligenter
1046 3234 1254 3331 indagatum:
1276 3255 1352 3301 nam
1375 3233 1432 3302 ista
1451 3255 1520 3304 noti

168 3335 263 3427 magis
279 3328 386 3426 vulgo
398 3350 475 3397 nora
492 3320 584 3410 sunt,
598 3325 699 3421 quam
715 3331 904 3397 interiorum
924 3330 1062 3425 partium
1076 3327 1305 3399 conformatio.
1326 3332 1409 3423 Qae
1424 3351 1521 3397 com.

167 3429 273 3494 munia
296 3423 371 3493 sunt
385 3431 417 3495 dt
433 3417 526 3489 nobis
540 3426 669 3515 cognita
682 3420 830 3491 animalia
842 3421 939 3518 paulo
955 3421 1047 3491 aliter
1059 3420 1210 3520 descripta
1227 3416 1297 3490 sunt
1310 3476 1321 3506 ,
1334 3427 1437 3511 quam
1454 3445 1523 3495 rata

167 3527 194 3589 dr
207 3517 372 3590 inusitata.
397 3515 532 3587 Illorum
541 3521 628 3584 enim
641 3535 712 3584 tum
726 3519 914 3599 exteriores,
928 3539 997 3585 tum
1014 3519 1178 3583 interiores
1191 3534 1292 3611 partes
1302 3517 1342 3582 ad
1353 3512 1522 3591 hominem

171 3612 349 3684 referuntur
365 3669 375 3700 ,
393 3615 451 3709 qui
463 3632 497 3678 ut
511 3632 623 3679 noima
637 3613 784 3678 omnium
796 3608 984 3678 animalium
997 3609 1207 3680 constituitur.
1229 3612 1311 3701 Qu
1325 3613 1433 3679 omnia
1447 3608 1521 3707 spe..

169 3730 234 3776 iare
252 3735 314 3779 iios
331 3706 447 3802 jubent
469 3701 539 3773 sore
566 3705 655 3776 urbi
681 3707 902 3775 commentarii
922 3699 1113 3771 uberrimam
1138 3701 1273 3771 historie
1291 3701 1427 3774 naturali
1449 3729 1520 3776 nia-

173 3807 280 3874 tetiem
296 3803 475 3898 aliquando
488 3795 683 3898 suppeditent
700 3858 709 3887 ,
729 3805 815 3894 iique
837 3796 969 3896 publicae
987 3800 1201 3896 expectationi
1218 3803 1251 3868 de
1267 3800 1367 3896 Regis
1381 3800 1519 3873 Maximi

172 3896 393 3970 munificentia
411 3891 629 3992 respondeant.
657 3901 737 3966 Haec
750 3893 815 3964 fere
827 3891 1012 3991 praefatione
1032 3898 1257 3980 continentur,
1283 3918 1354 3990 quae
1375 3893 1519 3970 sormam

171 3989 259 4063 illius
272 4003 304 4065 bt
317 3997 474 4063 rationem
493 3993 596 4085 operis
616 3989 704 4060 velut
722 3990 822 4059 oeulis
839 3986 910 4084 ipsis
925 3985 1103 4078 subjiciunt.

220 4091 371 4185 Longum
386 4082 463 4157 esset
487 4092 521 4154 δι
541 4081 583 4152 ab
605 4085 747 4154 instituto
760 4109 857 4182 opere
870 4089 994 4179 penitus
1009 4083 1148 4154 alienum
1160 4088 1206 4152 ire
1262 4109 1276 4153 r
1296 4082 1430 4182 fingulas
1450 4091 1519 4157 ani·

165 4187 307 4258 mulium
321 4207 388 4280 quae
409 4181 477 4251 hoc
494 4178 670 4253 Voluniine
685 4176 889 4249 continentur
907 4174 1152 4274 descriptiones,
1179 4110 1317 4251 sedium
1341 4186 1373 4249 in
1395 4205 1519 4276 pauco-

169 4308 236 4353 rum
250 4277 312 4349 fint
326 4277 475 4351 manibus
490 4332 500 4361 ,
516 4298 583 4343 non
596 4274 651 4344 abs
664 4301 695 4345 re
714 4274 829 4359 fuerit,
845 4274 977 4344 strictim
989 4275 1202 4369 quorumdam
1216 4274 1403 4348 animalium
1422 4272 1520 4346 histo-

171 4383 246 4450 riam
260 4375 358 4448 instar
375 4370 556 4476 speciminis
575 4370 792 4470 perstringere.

772 4551 896 4637 Q
