3646 5430
282 411 344 478 174
543 382 1281 458 ‘REGIAESCIENTIARUM
1583 468 1587 475 Ι

161 478 223 550 Au
236 485 385 555 intinere
404 479 611 565 videbantur,
632 488 666 552 &
682 477 872 551 citraullam
893 476 1132 549 convulfionem
1145 462 1243 549 ambo
1254 480 1447 547 interierant.
1482 470 1564 541 Duo
1572 494 1628 542 an-

161 579 252 661 1678.
286 578 417 643 teriores
434 574 603 644 ventriculi
616 599 690 643 cum
712 577 809 645 tertio
831 598 927 642 unam
942 583 974 645 &
986 577 1118 644 eandem
1133 569 1314 644 efficiebant
1324 573 1493 639 cavitatem
1509 591 1629 661 ,quam

288 678 511 763 aquaputa&
530 667 663 764 limpida
678 672 779 737 trium
788 665 854 737 fere
871 666 1022 738 librarum
1046 669 1185 763 pondere
1205 663 1384 761 implebat;
1412 659 1535 732 cerebri
1557 657 1633 730 sub·

290 760 401 831 stantia
419 762 549 831 candida
562 770 596 833 &
610 764 776 858 compasta
796 766 849 831 vix
864 761 1000 858 digitum
1018 760 1168 859 aquabat
1188 759 1404 855 magnitudine
1417 753 1633 827 :cerebellum

289 858 449 1020 {illidi
474 854 879 1019 {T‘asslllllllill
893 850 1632 1020 ll‘lffillimbilbili-‚linia

215 1082 218 1086 Δ
287 1027 487 1115 continendis
499 1039 734 1140 spiritibusnon
749 1043 915 1127 destinari,
941 1067 980 1113 ne
1007 1068 1046 1112 ue
1063 976 1631 1137 aqbauliiscouclusamapopleaiam

287 1135 386 1234 ipsam
402 1163 457 1212 aur
471 1134 638 1234 paralylim
651 1131 765 1207 afferre
779 1193 791 1222 ,
805 1136 859 1206 nifi
876 1137 938 1208 alia
955 1134 988 1206 su
1031 1139 1056 1207 st
1070 1134 1173 1212 causa.

341 1237 418 1303 vll.
440 1239 580 1304 Exeunte
592 1255 680 1303 anno
691 1229 830 1302 hominis
839 1230 979 1329 bicipitis
993 1255 1090 1325 quem
1111 1237 1143 1301 in
1159 1233 1280 1331 oppido
1299 1233 1334 1303 S.
1346 1232 1509 1300 Germani
1529 1229 1628 1319 vidit,

286 1321 529 1421 descriptionem
549 1327 647 1398 dedit.
672 1329 828 1396 Hierum
840 1349 907 1397 erat
944 1329 1105 1421 uirique&
1117 1331 1230 1422 viginti
1244 1349 1345 1396 annos
1357 1346 1457 1395 uatun
1484 1331 1524 1395 In
1547 1345 1633 1419 parte

174 1507 177 1512 .
287 1419 381 1489 sterni
406 1418 518 1490 infima
543 1423 645 1490 carnis
663 1415 870 1492 excrescentia
891 1353 987 1489 inliar
1009 1420 1188 1518 ganglionis
1210 1478 1219 1507 ,
1239 1451 1265 1514 4
1283 1442 1338 1489 aut
1363 1423 1490 1489 circiter
1516 1421 1632 1514 digitur

287 1507 384 1582 craffa
397 1521 430 1585 δι
448 1512 499 1584 sex
509 1515 619 1610 digitis
640 1514 737 1609 longa
759 1513 951 1610 allurgebat,
962 1516 996 1581 in
1018 1523 1105 1603 cujus
1124 1537 1213 1610 parte
1227 1514 1348 1584 summa
1362 1537 1433 1607 qua
1450 1519 1632 1607 ¹amcapitir

286 1607 465 1681 rudimenta
478 1605 531 1679 sed
544 1605 666 1678 inversa
682 1606 887 1708 apparebant.
918 1611 1014 1679 Frons
1033 1612 1120 1678 enim
1141 1634 1265 1705 partem
1288 1605 1436 1678 ninam
1451 1607 1632 1703 occupabat

287 1697 351 1770 osse
373 1697 514 1790 firmata,
546 1702 635 1798 quod
657 1704 812 1774 nudatum
830 1705 1066 1799 patremctanii
1083 1708 1188 1773 canini
1201 1707 1315 1775 imitari
1329 1698 1510 1776 videbatur.
1546 1700 1630 1775 offis

286 1791 368 1865 illius
388 1798 507 1866 radices
519 1801 540 1869 a
553 1794 660 1877 nothis
672 1798 764 1867 costis
773 1797 981 1883 oriebantur,
995 1817 1093 1891 atque
1106 1822 1148 1866 eo
1162 1796 1236 1867 loco
1253 1795 1453 1867 durilsrmunr
1465 1818 1535 1868 etat
1549 1822 1559 1867 ε
1572 1799 1630 1895 pili

285 1911 373 1960 exea
409 1913 476 1961 arte
490 1887 679 1986 prodibant,
708 1915 862 1987 tanquam
881 1891 988 1987 capilli
1006 1924 1016 1979 3
1039 1895 1073 1961 in
1086 1889 1229 1989 suprema
1245 1890 1359 1961 frontis
1379 1912 1471 1988 parte
1492 1890 1554 1963 duo
1572 1914 1625 1964 tu.-

224 2062 226 2066 ,
285 1917 413 2056 bercula
427 1983 630 2069 eminebant,
649 2009 720 2080 quae
744 1982 1021 2061 occursosssocdos
1042 2009 1118 2056 cum
1150 1982 1227 2057 serie
1255 1984 1403 2055 ciliorum
1427 1981 1627 2062 exhibebant.

285 2082 410 2150 interea
422 2075 537 2175 species
554 2079 699 2171 quaedam
716 2075 781 2149 nafi
792 2085 826 2148 in
843 2080 918 2149 duas
931 2103 1021 2150 nares
1032 2079 1120 2151 divisa
1132 2079 1304 2178 apparebat
1318 2104 1379 2165 ‚ex
1391 2103 1434 2150 eo
1451 2076 1630 2179 preffoqui·

286 2171 360 2242 dam
373 2173 491 2242 humor
503 2169 628 2258 exibat,
650 2169 739 2269 isque
759 2169 941 2271 limpiduss
980 2198 1014 2242 ra
1038 2173 1158 2245 nasum·
1172 2176 1270 2272 longa
1283 2175 1421 2269 quedam
1435 2174 1565 2247 extabat
1581 2173 1627 2248 fis·

284 2259 354 2334 sura
368 2270 432 2336 oris
447 2263 546 2352 loco,
568 2287 607 2333 rx
625 2290 689 2362 qua
702 2265 853 2431 prodibat
864 2199 1082 2431 dendlmpior
1095 2294 1198 2365 quam
1212 2295 1267 2367 par
1285 2265 1371 2340 effer.
1417 2268 1488 2341 Ubi
1512 2269 1576 2341 nasi
1598 2282 1629 2346 tt

287 2362 350 2427 oris
360 2382 507 2458 apertura
523 2363 627 2430 minus
640 2385 700 2456 pro
717 2362 801 2431 unda
812 2359 976 2431 videbatur
989 2415 1000 2446 ,
1045 2365 1096 2430 uic
1109 2389 1145 2433 os
1165 2361 1369 2434 incumbebat
1389 2364 1487 2435 instar
1502 2366 1629 2439 maxilla

286 2449 456 2526 inferioris.
497 2457 639 2546 Dentem
653 2454 745 2526 illum
756 2451 900 2527 excidille
913 2479 949 2527 ut
961 2453 998 2525 fit
1010 2461 1043 2525 in
1062 2461 1165 2552 pueris
1178 2457 1302 2544 aiebat,
1316 2481 1392 2529 turn
1404 2482 1482 2530 eum
1496 2484 1631 2534 renova-

286 2567 379 2643 tum,
393 2571 471 2649 cum
481 2545 547 2644 olle
556 2573 614 2646 pet
623 2549 879 2622 articulationrm
895 2553 1084 2644 conjunttus
1096 2547 1276 2625 videbitur.

287 2750 495 2890 aaran
520 2760 635 2879 aaa
648 2744 1626 2906 amnnnunnnuuat

555 2958 938 3099 sectio·
1057 3007 1362 3106 snxrn.

749 3223 818 3353 De
850 3216 1183 3325 mathematicis,

286 3425 385 3604 A
404 3428 539 3599 pippin
572 3428 615 3500 aa
651 3428 826 3503 uantum
859 3433 1026 3534 pagan
1043 3435 1085 3508 a
1127 3435 1332 3512 antonna
1357 3445 1531 3609 ‘aptamus
1564 3443 1620 3513 aa

508 3849 858 3936 caput
963 3855 1444 3945 PRIMUM.

623 4073 677 4141 De
697 4054 1011 4164 obstinationibus
1034 4064 1302 4145 Adranamicis,

286 4254 314 4321 1.
339 4250 465 4414 INter
479 4245 713 4362 observationes
733 4251 971 4322 Astronomicas
987 4274 1060 4360 ¹quac
1074 4273 1167 4361 armo
1184 4256 1273 4362 2578.
1297 4249 1390 4363 fado
1409 4252 1540 4368 filerunt
1552 4315 1562 4346 ,
1574 4263 1619 4330 in.

379 4338 473 4450 ⁸signis
487 4342 542 4412 rlla
561 4344 628 4417 furt
643 4369 742 4441 quam
765 4350 810 4417 D.
832 4346 871 4414 de
896 4343 926 4414 la
947 4350 1029 4415 Hue
1050 4345 1241 4432 delineavit,
1266 4346 1387 4443 eclrpfis
1408 4374 1559 4423 nimirum
1578 4355 1619 4427 [ι

282 4447 369 4513 turni
382 4437 831 4604 apperjkpdlphcorporislunaris
851 4464 921 4537 qua
935 4442 985 4509 die
1006 4463 1057 4529 ²7·-
1084 4439 1242 4513 Februarii
1264 4448 1372 4514 evenit
1398 4444 1479 4514 bora
1501 4474 1544 4537 7,
1565 4477 1622 4538 η,

491 4555 536 4600 err
568 4557 633 4605 em.

283 4563 323 4630 30
333 4563 418 4703 lllud
433 4627 659 4698 animadvertit
675 4629 723 4702 D.
739 4626 860 4700 Callini
874 4586 967 4722 huiua
981 4624 1101 4795 eclipfis
1123 4650 1270 4740 tempore
1293 4632 1388 4706 cititls
1411 4635 1538 4708 Lunam
1551 4665 1621 4739 pro·

281 4728 369 4822 gredi
387 4718 486 4799 vium
508 4744 608 4822 quam
621 4719 736 4796 rabula
754 4721 917 4821 defigucnt
936 4752 949 4798 a
966 4721 1033 4797 ‘Ob
1045 4747 1224 4799 ervauones
1240 4730 1264 4800 a
1281 4732 1331 4798 D.
1353 4735 1408 4806 Ι).
1423 4729 1569 4826 (affini,
1587 4733 1625 4804 de
