3646 5430
415 373 437 430 6
730 349 928 421 REGlAE
976 342 1441 417 SCIENTIARUM

281 457 346 528 ΑΝ
359 485 396 530 ιι.
413 451 565 530 Cabaeus,
582 443 762 534 Cartesrus,
778 451 970 517 Honoratus
980 439 1104 537 Fabrp,
1123 463 1159 510 ut
1171 437 1250 509 alios
1261 463 1341 536 pene
1354 435 1599 509 innumerabiles
1610 446 1783 530 omittam,

281 567 376 629 1666.
411 576 481 622 tuni
493 575 546 617 eos
561 551 617 642 qui
631 549 738 613 vivete
752 539 922 626 desierunt,
936 562 1008 609 tum
1021 542 1120 608 etiarn
1130 534 1312 634 complures
1327 538 1385 632 qui
1397 534 1502 606 adhuc
1514 539 1640 622 vivunt,
1654 545 1687 608 δι
1698 538 1784 611 Phi-

411 642 594 739 losophiam
623 639 802 710 naturalem
823 632 1003 734 plurimrlm
1021 656 1189 705 auxerunt.

427 790 434 801 ·
467 747 527 812 lv.
561 733 787 836 Qamobrem
803 735 834 804 id
847 737 996 803 omnium
1010 727 1164 800 consensu
1186 726 1249 797 fuit
1271 728 1501 810 constitutum,
1523 754 1560 802 ut
1574 756 1685 801 omnes
1699 728 1782 804 ctlrn

409 845 594 910 Geometrae
617 830 632 921 ,'
648 854 719 902 tum
734 828 863 930 Phyfici
887 828 935 899 bis
961 833 994 898 in
1013 849 1208 922 unaquaque
1227 821 1430 895 hebdomada
1452 829 1519 897 und
1544 834 1783 902 convenirent:

408 932 452 1006 src
467 955 575 1003 tamen
590 954 624 1000 ut
640 930 691 999 die
707 930 863 999 Mercurii
879 950 949 1020 quae
963 927 1004 996 ad
1031 919 1200 992 Mathefim
1230 980 1241 1010 ,
1273 921 1324 987 die
1352 917 1483 990 Sabbati
1509 949 1580 1018 quae
1597 925 1637 994 ad
1665 924 1784 1022 Physt-

410 1055 482 1102 cam
496 1027 663 1124 spectant,
683 1027 907 1094 readtarenrur.
927 1020 1013 1091 Illud
1034 1022 1150 1090 eodeni
1165 1041 1297 1114 quoque
1323 1017 1374 1084 die
1391 1015 1565 1107 staturum,
1590 1043 1625 1091 ut
1645 1047 1716 1119 qnae
1747 1027 1784 1094 in

411 1127 587 1198 Academia
608 1145 791 1220 gererentur
806 1143 894 1199 ,nou
909 1118 1113 1215 vulgarentur
1129 1172 1139 1201 ,
1156 1111 1212 1184 nisi
1227 1116 1290 1183 hoc
1306 1108 1409 1209 ipsum
1427 1109 1609 1186 faciendum
1636 1145 1671 1188 ea
1694 1119 1783 1208 judi.

413 1216 518 1293 callet.
541 1221 642 1313 Quod
655 1221 767 1313 utique
780 1214 857 1287 crlm
877 1237 930 1311 per
948 1211 978 1282 fe
994 1238 1123 1310 aequum
1137 1211 1180 1280 est
1196 1270 1205 1297 ,
1223 1235 1293 1280 turn
1306 1214 1339 1277 in
1357 1212 1447 1278 omni
1459 1205 1607 1283 sodalitio
1628 1224 1661 1285 &
1677 1206 1784 1285 socie.

413 1339 480 1389 tate
496 1314 742 1386 observandum.
771 1317 860 1385 Cum
872 1333 980 1382 autem
998 1317 1050 1380 vix
1068 1307 1145 1378 illud
1160 1304 1310 1401 ‹onsequi
1330 1303 1449 1394 liceat,
1471 1332 1507 1378 ut
1528 1333 1624 1379 nemo
1644 1336 1726 1381 unus
1745 1334 1787 1382 01

413 1414 525 1486 multis
542 1417 599 1507 qui
614 1411 680 1482 una
696 1431 956 1510 congregantur,
972 1432 1057 1478 nova
1070 1414 1103 1476 ὅ(
1117 1408 1303 1503 cognitione
1315 1402 1451 1499 digrrain
1469 1429 1556 1475 cuttu
1570 1402 1637 1502 ipso
1658 1433 1786 1506 propo·

413 1507 471 1581 lita
488 1512 644 1580 amicis&
658 1504 868 1578 familiaribus
880 1507 1040 1603 impartiri
1058 1528 1124 1571 non
1138 1525 1243 1586 amet,
1258 1493 1336 1596 sape
1348 1502 1456 1569 evenit
1467 1526 1503 1572 ut
1518 1502 1664 1592 quaedam
1677 1503 1788 1574 felici·

413 1626 461 1675 tet
474 1610 603 1676 inventa
619 1603 805 1700 &longiori
820 1599 945 1671 silentio
958 1604 1042 1672 tefla
1054 1599 1095 1668 ab
1107 1600 1175 1667 aliis
1189 1594 1341 1685 evulgata
1351 1593 1471 1665 suerint
1491 1633 1500 1687 ;
1522 1593 1584 1668 sive
1603 1601 1713 1669 eadem
1727 1623 1788 1671 ex-

412 1704 614 1799 cogitarint,
632 1701 722 1794 quod
739 1724 806 1769 non
824 1722 898 1768 raro
911 1700 1027 1768 accidit
1040 1696 1100 1765 hac
1121 1689 1435 1791 potillrmrlmaetate,
1453 1718 1528 1765 cum
1544 1720 1655 1765 omnes
1668 1699 1788 1769 eruditi

413 1798 448 1865 in
463 1793 660 1892 perficiendis
673 1792 792 1866 artibus
807 1804 840 1867 &
858 1790 934 1861 disci
960 1792 1031 1863 linis
1045 1816 1137 1862 tanto
1150 1785 1455 1875 studioelaborent3
1472 1787 1535 1860 slve
1553 1794 1586 1860 in
1598 1792 1713 1863 eodem
1729 1816 1785 1864 ar.

413 1913 572 1990 gumento
593 1889 730 1962 feliciter
743 1889 857 1961 versati
869 1912 906 1956 ea
920 1821 958 1956 fili
970 1893 1084 1960 mentis
1097 1886 1257 1954 celeritate
1273 1891 1305 1953 δι
1320 1888 1438 1981 ingenii
1455 1883 1580 1958 solertia
1594 1945 1605 1976 ,
1623 1911 1659 1959 ut
1673 1895 1788 1961 leviter

415 1989 575 2057 admoniti
591 1985 764 2056 artificium
779 2007 877 2054 omne
893 1982 1025 2076 alicujus
1040 1979 1195 2050 machinae
1209 2036 1218 2065 ,
1233 2002 1287 2047 aut
1300 1980 1437 2073 quodvis
1453 1981 1539 2052 aliud
1555 1985 1659 2055 statim
1680 1989 1787 2085 perci·

417 2087 532 2180 piant,
553 2090 585 2152 δι
601 2083 717 2150 melius
731 2080 892 2149 interdum
910 2101 1134 2174 exequantur,
1157 2077 1258 2170 quim
1275 2078 1296 2142 ii
1318 2073 1374 2169 ipsi
1388 2081 1444 2172 qui
1458 2079 1605 2150 eamdem
1621 2087 1715 2178 primi
1729 2108 1787 2155 ex.

417 2181 612 2274 cogitarunt.
650 2175 752 2271 Q⁰d
767 2173 903 2246 Galilaeo
915 2167 1050 2245 evenisse
1064 2178 1097 2242 in
1122 2171 1270 2270 praeclara
1289 2171 1471 2270 Telescopii
1494 2179 1682 2248 inventione
1702 2179 1788 2278 fugit

418 2277 597 2346 neminem.
615 2275 704 2345 Cum
714 2276 803 2341 enim
817 2275 849 2340 in
864 2267 1018 2340 familiari
1033 2269 1201 2367 colloquio
1215 2268 1236 2338 ὲ
1248 2272 1319 2335 viro
1333 2265 1436 2337 nobili
1449 2267 1618 2368 accepisset
1631 2279 1790 2348 Batavum

419 2369 595 2464 quemdam
615 2374 647 2439 in
664 2366 905 2440 Mathematicis
921 2365 1031 2436 rudem
1054 2364 1096 2435 sic
1113 2367 1179 2436 duo
1197 2385 1307 2460 aptare
1320 2366 1423 2450 vitra,
1452 2389 1487 2437 ut
1509 2391 1560 2436 tes
1584 2364 1726 2458 objectas
1750 2383 1787 2444 δι

420 2473 606 2557 majores&
622 2465 833 2535 distinctions
850 2482 1013 2549 cerneret,
1028 2484 1064 2532 ut
1083 2485 1149 2532 erat
1164 2456 1334 2558 perspicaci
1348 2462 1480 2555 ingenio
1504 2470 1538 2533 dt
1562 2468 1595 2533 in
1617 2469 1789 2564 Dioptrica

419 2561 568 2658 apprime
582 2558 741 2644 versatus,
758 2584 825 2652 quo
838 2559 870 2625 id
883 2553 972 2625 fieret
983 2558 1106 2645 modo,
1125 2560 1228 2627 statim
1242 2558 1352 2624 animo
1366 2557 1573 2657 complexus,
1604 2565 1690 2658 quod
1713 2561 1791 2637 casu

419 2665 453 2728 dr
467 2679 588 2725 temere
602 2653 643 2724 ab
656 2653 723 2723 alio
737 2658 906 2721 inventum
920 2650 1024 2722 fuerat
1039 2708 1050 2738 ,
1074 2658 1197 2724 ratione
1212 2650 1292 2719 duce
1309 2673 1389 2746 pene
1403 2654 1442 2720 ad
1457 2654 1614 2726 summam
1631 2661 1791 2753 perduxit.

420 2755 512 2823 Nam
526 2754 609 2821 vitra
625 2746 668 2819 fre
681 2746 815 2845 expoliri
834 2742 919 2839 jullit
933 2800 943 2824 ,
958 2747 1072 2817 idonea
1086 2744 1187 2841 ligura
1207 2747 1339 2832 donari,
1352 2771 1390 2815 ac
1404 2748 1484 2820 tubo
1503 2778 1520 2819 a
1546 2757 1603 2821 tari
1622 2810 1633 2839 ,
1653 2758 1790 2853 utJovie

421 2841 589 2932 satellites,
611 2842 720 2942 phales
743 2846 877 2916 Veneris
898 2850 932 2914 dc
945 2843 1191 2916 innumerabiles
1205 2849 1239 2914 in
1252 2845 1302 2911 via
1318 2842 1418 2914 lactea
1435 2779 1569 2919 stellulae
1583 2852 1707 2945 primus
1730 2853 1789 2924 de.

422 2942 642 3036 prehenderit.

473 3044 518 3109 V.
545 3041 627 3110 Non
644 3033 722 3107 illud
745 3034 877 3134 quidem
899 3044 1066 3137 permagni
1093 3034 1192 3109 refert
1214 3037 1254 3106 ad
1274 3034 1436 3133 publicam
1459 3038 1633 3112 utilitatem
1652 3045 1683 3113 id
1700 3046 1790 3121 nosse

423 3135 495 3226 quis
533 3136 630 3203 rimus
642 3131 781 3230 praeclari
794 3132 928 3227 alicujus
948 3138 1071 3205 inventi
1090 3135 1215 3203 Audtor
1227 3132 1348 3220 fuerit,
1373 3134 1553 3205 dummodo
1579 3165 1695 3238 magna
1714 3142 1792 3219 hinc

422 3234 458 3300 in
471 3160 635 3323 publicum
648 3249 779 3298 manent
794 3230 988 3299 commoda:
1002 3255 1132 3326 aequum
1151 3252 1261 3300 tamen
1278 3230 1401 3301 videtur
1415 3254 1451 3299 ut
1472 3256 1629 3327 quantum
1642 3234 1710 3307 fieri
1726 3269 1789 3338 po.

424 3324 502 3409 test,
516 3328 553 3393 iis
572 3320 644 3489 ipsis
660 3321 764 3393 honos
789 3321 948 3396 habeatur
971 3381 982 3412 ,
1010 3332 1068 3424 qui
1095 3352 1143 3396 res
1164 3332 1311 3397 novas&
1332 3327 1425 3396 utiles
1441 3333 1538 3492 primi
1554 3338 1792 3432 excogitarunt.

426 3417 551 3493 Nobile
564 3420 585 3488 il
601 3421 642 3488 ud
656 3423 749 3490 novis
763 3424 900 3491 inventis
914 3428 948 3493 δι
968 3421 1116 3520 operibus
1127 3417 1271 3492 scientias
1285 3422 1419 3492 ornandi
1467 3425 1577 3493 udium
1591 3483 1601 3514 ,
1616 3455 1683 3525 quo
1694 3436 1793 3506 nostri

423 3514 517 3605 hujus
532 3511 634 3587 saeculi
647 3514 773 3586 fervent
786 3520 934 3612 ingenia,
951 3526 984 3588 δι
1001 3518 1168 3591 laudabilis
1179 3521 1261 3590 inter
1273 3522 1431 3598 eruditos,
1452 3523 1521 3590 imo
1539 3529 1572 3591 &
1589 3528 1670 3595 inter
1684 3529 1793 3601 diver·

423 3608 470 3682 sas
484 3617 629 3683 nationes
641 3611 825 3698 aemulatio,
843 3618 964 3685 mirum
978 3641 1138 3713 quantum
1158 3616 1197 3686 ad
1211 3616 1448 3713 ¹promovendas
1458 3613 1521 3686 disc
1535 3617 1634 3714 plinas
1650 3623 1793 3715 confert,

424 3709 604 3779 dummodo
617 3713 700 3779 intra
714 3732 789 3777 eum
803 3707 951 3781 consistat
964 3713 1119 3798 modum,
1140 3736 1238 3808 quern
1252 3714 1333 3780 ratio
1354 3719 1386 3782 dt
1400 3709 1545 3782 honestas
1581 3711 1764 3791 rescribunt
1779 3751 1791 3795 ε

424 3826 464 3872 ac
483 3800 589 3872 nescio
600 3829 641 3873 an
651 3809 829 3898 quicquam
850 3803 935 3874 aliud
948 3809 1151 3878 eruditorum
1165 3830 1265 3878 cretus
1279 3811 1380 3904 magis
1398 3740 1615 3893 commendet,
1633 3821 1666 3882 dc
1679 3815 1792 3887 utilio·

425 3921 475 3968 res
488 3893 608 3969 efficiat
624 3927 632 3969 :
646 3898 706 3968 hac
720 3902 807 3968 enirn
822 3893 944 3971 sublata
956 3904 1160 3975 emulatione
1175 3907 1359 3974 Acaoemiae
1369 3929 1486 4001 magna
1495 3929 1531 3973 ex
1542 3927 1629 4002 parte
1643 3908 1792 4010 langues-

428 4015 527 4079 cunt,
542 4018 581 4062 ae
594 3992 672 4063 nihil
687 3991 754 4064 fere
772 3991 850 4063 utile
866 3994 1046 4091 proferunt.

474 4091 535 4159 Sed
549 4113 585 4159 ea
601 4114 700 4186 quam
720 4090 857 4160 diximus
877 4092 1055 4164 adhibenda
1075 4096 1119 4167 est
1139 4096 1342 4184 moderatio,
1366 4096 1478 4196 quaesr
1501 4095 1601 4185 abst,
1621 4125 1722 4172 coetus
1747 4106 1795 4177 il.

427 4185 453 4257 li
472 4189 505 4255 in
527 4209 621 4255 vanas
634 4194 667 4258 δι
681 4184 827 4255 molestas
836 4195 1060 4262 contentiones
1072 4193 1279 4290 degenerant.
1313 4196 1414 4294 quue
1426 4202 1458 4265 in
1476 4194 1612 4294 publicis
1631 4199 1767 4273 cortibus
1779 4260 1794 4291 ,

428 4283 468 4352 ad
488 4306 569 4374 quos
585 4279 735 4352 omnibus
754 4280 818 4351 srne
836 4280 1016 4359 discrimine
1038 4312 1125 4380 patet
1144 4289 1268 4378 aditus,
1291 4289 1370 4386 saepe
1390 4297 1551 4390 contingit
1569 4321 1577 4363 :
1609 4317 1677 4363 tum
1703 4302 1795 4372 enim

430 4373 658 4448 difficillimum
668 4379 712 4446 est
720 4402 852 4447 omnem
867 4385 967 4452 vitare
980 4381 1217 4458 confusionem.
1245 4393 1335 4459 Nam
1344 4384 1565 4481 disputationis
1574 4391 1647 4458 aestu
1657 4389 1730 4462 abre
1755 4402 1795 4487 ti,

431 4498 500 4546 non
513 4495 579 4542 tam
592 4477 752 4559 veritatis,
770 4471 873 4570 quam
889 4480 1031 4548 victorie
1045 4481 1148 4550 studio
1162 4504 1309 4554 tenemur
1327 4510 1335 4552 :
1352 4492 1396 4553 ira
1408 4483 1554 4583 persaepe,
1566 4421 1795 4581 pudor,defdr.

432 4573 495 4640 mis
511 4573 682 4734 perripacia
695 4593 754 4637 nos
768 4566 960 4734 tlrausrersos
971 4598 1083 4672 agunt,
1095 4600 1134 4646 ac
1153 4575 1299 4648 tenebras
1316 4578 1489 4653 offundunt
1498 4586 1637 4669 animis,
1651 4608 1718 4655 non
1738 4616 1797 4665 eos

434 4685 575 4737 tentius
602 4689 660 4736 uce
674 4689 750 4734 com
787 4687 853 4738 ent.

479 4767 541 4848 „vu
562 4761 730 4839 Postremd
775 4765 780 4775 '
808 4783 987 4841 conventus
1004 4766 1211 4874 corisumendi
1230 4775 1290 4844 orii
1312 4768 1403 4844 causa
1424 4792 1500 4842 eum
1522 4771 1689 4877 voluptate
1713 4808 1795 4883 qni·¹
