3646 5430
419 335 745 412 ncnnturn
803 337 1324 417 HlsTortlA.trr.v1.
1469 365 1538 442 52,

775 503 918 573 XVI.

215 626 408 697 Conventus
427 625 614 696 Academici
637 620 745 692 diebus
764 627 966 697 Mercurii&
984 625 1136 716 Sabbati,
1151 631 1184 697 in
1204 631 1318 727 Regiis
1352 628 1462 719 edibus
1485 658 1537 705 ce.

165 717 342 799 lebrentur.
369 719 495 817 Qibuc
509 716 618 789 diebus
632 717 654 788 sr
670 718 786 790 felium
799 725 1027 811 intervenerit,
1041 727 1141 823 pridie
1154 721 1343 802 habeantur.

760 884 937 953 XVII.

210 1016 427 1109 Unaquaeque
446 1034 668 1082 conventuum
689 1009 961 1080 Academicorum
977 1002 1069 1083 seffio
1084 1009 1221 1085 duarum
1234 1010 1345 1088 saltem
1365 1015 1539 1112 horarum„

166 1108 193 1183 ὲ
210 1110 303 1182 terrie
319 1110 358 1180 ad
376 1113 523 1204 quintam
537 1108 615 1182 esto.
648 1146 652 1153 ·

733 1240 967 1312 XVIII.

219 1368 317 1434 Feriae
346 1366 545 1435 Academica:
568 1361 610 1433 ab
629 1363 750 1433 ottavo
768 1359 964 1457 Septembris
986 1360 1041 1432 die
1061 1361 1101 1432 ad
1121 1337 1327 1431 undecimum
1341 1357 1440 1459 usquc
1457 1363 1541 1433 No‘

165 1460 310 1533 vembris
324 1463 554 1559 producantur.
588 1463 740 1530 Praetcrea
756 1458 923 1552 quindenis
939 1454 1097 1530 Paschatis
1111 1453 1247 1542 diebus,
1267 1479 1396 1526 necnon
1411 1453 1537 1527 hebdo-

169 1557 267 1721 ἓξὲξ
282 1556 505 1643 pentecostes,
520 1562 554 1628 dt
569 1557 590 1626 d
608 1557 788 1628 Nativitate
803 1551 922 1624 Christi
942 1554 983 1625 ad
1001 1552 1213 1652 Epiphaniam
1237 1546 1337 1648 usque
1353 1556 1535 1625 vacationes

783 1750 925 1817 XIX.

226 1870 496 1942 Academicorum
515 1867 731 1966 unusquisque
752 1890 929 1949 conventus
950 1890 1062 1938 omnes
1085 1863 1295 1963 frequentet:
1317 1891 1423 1963 neque
1450 1876 1536 1944 I'en.

170 1961 383 2034 fionariorum
400 1964 570 2062 quisquam
585 1973 791 2065 negotiorum
806 1964 935 2035 suorum
953 1963 1067 2047 causi,
1085 1983 1175 2034 extra
1187 1962 1387 2035 induciarum
1398 1988 1537 2066 tempus,

170 2058 256 2130 ultra
269 2060 348 2130 duos
363 2059 505 2148 menses,
518 2059 575 2130 nisi
587 2064 756 2162 impetratd
770 2061 790 2131 a
804 2063 896 2158 Rege
909 2061 1002 2132 venii
1020 2055 1112 2131 absit.

814 2188 976 2293 xxj

217 2352 307 2422 Cum
326 2347 428 2419 multa
444 2375 482 2421 ex
497 2350 646 2448 operIbus
663 2351 704 2421 ab
718 2352 892 2421 Academid
912 2347 1083 2420 univerfim
1109 2345 1279 2420 elaboratis
1300 2353 1462 2421 incurrere
1484 2356 1539 2418 in-

170 2446 346 2515 commoda
368 2443 437 2514 usus
458 2446 523 2543 ipse
544 2449 709 2534 docuerit3
734 2447 1003 2517 Academicorum
1024 2439 1239 2537 unusquisque
1261 2445 1453 2542 peculiarem
1479 2442 1544 2516 fibi

169 2539 349 2611 studiorum
362 2537 492 2611 suorum
508 2547 674 2613 materiam
699 2538 837 2636 l‘trnrito,
857 2543 897 2610 de
910 2541 977 2637 qud⁴
986 2541 1025 2610 ad
1040 2538 1251 2610 Academiam
1261 2537 1380 2613 referat
1389 2597 1401 2630 ,
1415 2564 1450 2610 ut
1466 2563 1538 2610 mu-

172 2638 236 2708 tuis
260 2635 536 2708 obscrvationibus
559 2641 674 2709 veritas
691 2638 874 2712 illustretur,

794 2800 939 2867 xxi.
1014 2752 1015 2755 Ὺ

231 2927 345 2996 Primo
359 2950 492 3021 quoque
515 2924 716 3027 singulorum
730 2947 892 2997 annorum
917 2945 1107 3009 conventu,
1129 2919 1323 2996 Penfionarii
1351 2924 1545 2998 Academici

171 3020 263 3115 quod
279 3018 336 3090 fibi
351 3019 550 3118 propofitum
566 3049 646 3121 opus
666 3021 804 3094 babeant
819 3077 829 3107 ,
847 3024 881 3089 in
897 3043 965 3114 quo
977 3014 1171 3100 elaborent,
1192 3017 1546 3119 scriptodcnuncientp

169 3119 278 3188 caeteri
298 3140 455 3213 quoque,
471 3140 508 3189 ut
523 3121 606 3190 idem
626 3117 747 3191 faciant
768 3120 961 3188 invitentur.

760 3240 949 3350 xxm,

228 3408 429 3498 Qanquam
451 3397 565 3494 singuli
593 3403 782 3471 Academici
798 3402 889 3469 ad'ea
938 3401 1073 3496 raecipud
1090 3425 1160 3494 quae
1176 3397 1247 3471 sunt
1272 3412 1339 3496 ejus
1364 3409 1462 3490 artis,
1488 3415 1546 3479 cui·

172 3497 207 3570 se
227 3492 429 3594 potiffimum
446 3494 653 3581 addixerunt,
673 3499 817 3563 animum
838 3423 997 3588 appellere
1012 3494 1128 3563 debent
1156 3529 1166 3583 3
1190 3495 1324 3566 univerfi
1346 3520 1453 3567 tamen
1480 3526 1544 3570 co.

173 3595 346 3691 gitationes
358 3583 429 3656 fuas
442 3595 475 3658 δι
493 3588 616 3659 labores
630 3592 671 3660 ed
685 3586 877 3672 conferant,
899 3587 983 3655 unde
1002 3589 1123 3658 utilitas
1146 3611 1200 3659 aut
1221 3587 1275 3660 lux
1290 3590 1398 3686 aliqua
1426 3596 1465 3663 ad
1488 3597 1540 3668 di-

172 3684 277 3758 versas
290 3678 473 3753 Marhcseos
487 3708 613 3780 partes,
637 3683 688 3756 vel
706 3685 746 3755 ad
757 3688 876 3757 artium
891 3685 1091 3754 incrementa
1108 3739 1125 3774 ‚
1145 3684 1199 3757 vel
1217 3687 1258 3757 ad
1276 3687 1427 3760 Historirt
1443 3711 1540 3762 natu·-

173 3781 251 3857 ralis
274 3784 425 3853 notitiam
442 3778 538 3878 poffit
551 3783 717 3855 accedere.

757 3915 989 3986 XXIII.

225 4080 264 4148 In
289 4097 491 4172 unoquoque
517 4070 684 4170 congressu
702 4072 767 4141 duo
790 4068 901 4141 saltem
919 4096 957 4140 ex
983 4066 1190 4143 Penfionariis
1212 4066 1367 4168 quasdam
1389 4068 1543 4147 observa.

170 4178 280 4247 tiones
295 4177 328 4242 in
341 4196 414 4241 eam
431 4229 441 4259 ,
463 4173 514 4240 cui
527 4168 718 4240 incumbunt
737 4224 748 4254 ,
766 4163 931 4238 scientiam
945 4171 1096 4241 recitente
1131 4169 1240 4270 Aggre
1265 4170 1322 4238 atis
1337 4172 1541 4264 itemquid.

172 4270 256 4365 quid
279 4271 492 4363 cogitaverint
512 4288 567 4336 aut
589 4263 824 4335 observaverint
844 4318 855 4347 ,
879 4263 1046 4361 promendi
1068 4263 1205 4360 potestas
1227 4192 1305 4338 ello.
1343 4259 1434 4334 cnm
1462 4268 1539 4334 Ho.

175 4359 420 4449 norariis,trim
448 4358 655 4433 Penfionariis
674 4416 685 4447 ,
705 4356 777 4431 rum
803 4363 900 4431 etiarn
923 4365 1143 4457 Aggtcgntie,
1166 4367 1255 4455 juxta
1280 4382 1363 4430 atter
1396 4353 1466 4429 suas
1499 4360 1540 4431 de

176 4456 345 4556 propofiro
366 4478 558 4555 argumento
582 4460 723 4553 cogitata
752 4456 921 4552 promendi
942 4457 1078 4557 patellas
1098 4453 1167 4546 fit,
1193 4480 1262 4529 non
1285 4458 1366 4529 item
1388 4453 1547 4527 Alumnie

177 4548 239 4629 nifi
256 4579 332 4630 cum
351 4551 372 4629 ὲ
393 4551 522 4656 praesrde
543 4558 647 4652 rogati
661 4549 797 4625 fuerint,

1301 4816 1403 4891 Xxn
1435 4812 1437 4815 ’
