3646 5430
363 387 685 461 ACADEMIAE
742 388 1073 464 HISTORIA.
1111 395 1249 473 Innll.
1440 427 1456 495 5

158 484 262 562 Hire,
284 482 430 554 Ro’e'mer
443 488 577 581 peracte
599 487 681 552 inter
695 477 726 552 se
736 487 872 553 omninb
885 483 1134 563 consentiebant.
1169 484 1314 592 Qodin
1336 497 1451 567 Diatio
1466 489 1581 582 Astre-

148 577 311 648 udirorum
326 605 360 664 7.
380 581 493 651 Martii
506 574 643 673 ejusdem
655 582 730 646 anni
747 575 809 648 suit
820 601 1022 656 annotatum.
1398 631 1404 641 ·
1462 608 1543 658 nom.

159 675 209 744 11.
234 666 352 741 lisdem
373 670 441 744 fere
454 668 651 767 temporibus
673 670 835 742 Pleiadum
856 668 1101 772 descriptionem
1122 679 1265 756 exhibuit
1287 691 1333 758 D.
1356 688 1395 757 de
1416 685 1448 759 la

148 772 470 932 &tamisim
481 765 1337 936 liliiih‘lillffllh{l'llsfcill‘tml’l‘ibml
1351 804 1449 855 ‘'¹¹³¹‘'

430 889 467 947 s,
978 889 988 932 r
1079 891 1128 938 ur.

152 960 190 1024 ll
202 960 230 1027 1.
256 953 390 1025 Macula
402 979 472 1026 tum
487 959 640 1050 temporis
653 958 686 1024 in
704 885 859 1024 Solepvisa
871 954 915 1026 est
930 889 1001 1050 qiiae
1014 963 1047 1028 in
1065 959 1206 1033 faculam
1221 965 1369 1040 conversa
1389 973 1445 1046 est,

148 1056 210 1138 sius
222 1071 354 1120 motum
366 1059 400 1121 dr
413 1050 554 1120 formam
580 1052 625 1119 D.
640 1044 761 1120 Callini
781 1048 825 1118 ell
843 1045 1032 1147 persecutus.
1053 1053 1134 1125 hliae
1150 1060 1257 1151 postea
1280 1068 1363 1133 cited
1389 1093 1445 1159 ²4·

148 1147 185 1214 aii
211 1167 426 1241 apparuerunt
445 1167 581 1214 numero
604 1141 805 1239 complures:
824 1139 924 1214 sedex
936 1147 973 1214 iis
988 1170 1127 1241 quatuor
1138 1173 1228 1223 erant
1246 1161 1347 1254 magis
1362 1183 1445 1229 con.

148 1232 1443 1418 deusllh‘lilssslllli‘sslll¹ll⁰s¹hlll2⁹³il¹lllzllllff

148 1426 184 1498 la
200 1429 315 1497 mriore
326 1425 522 1498 circumfusae
540 1424 840 1521 apparuerunt‚eas
856 1357 1016 1499 uilecens
1027 1364 1362 1535 forniauisuspicatus
1373 1443 1440 1513 est:

148 1544 209 1592 arm
222 1544 330 1592 aarum
340 1524 517 1594 annotavit.
545 1524 589 1589 Ex
602 1519 724 1612 theoria
739 1529 802 1612 jam
817 1453 1081 1623 olimconst'wta
1098 1532 1155 1621 qui
1167 1525 1289 1600 futurus
1305 1529 1380 1606 esset
1390 1560 1441 1607 ea-

188 1636 298 1686 rnotus
312 1625 346 1688 dc
362 1615 476 1711 quibus
493 1619 527 1684 in
545 1615 624 1684 locis
642 1637 842 1711 unoquoque
862 1617 914 1686 die
935 1614 1043 1688 habita
1063 1624 1185 1690 ratione
1204 1623 1364 1722 Eclipticae
1387 1635 1441 1701 vi-

148 1732 274 1795 mus,
295 1712 450 1806 predixit.
481 1712 559 1783 Una
570 1734 608 1778 et
622 1713 658 1778 iis
671 1713 800 1779 evanuit
816 1712 867 1780 die
890 1735 946 1800 25,
966 1736 1036 1806 qut
1049 1718 1202 1786 nimirum
1215 1725 1358 1793 maxime
1372 1750 1440 1798 tra.

148 1802 423 1902 iieratopposrta.
447 1812 492 1878 Ex
513 1802 613 1875 tribus
631 1801 759 1897 reliquis
779 1802 902 1875 fassum
923 1807 967 1876 est
983 1808 1176 1905 triangulum
1196 1813 1440 1909 aequilaterum,

148 1901 184 1971 sd
195 1901 252 1970 die
266 1903 308 1972 28
328 1898 476 1971 contrahi
494 1896 595 1968 visum
616 1897 681 1983 est,
703 1893 834 1968 obeam
851 1896 938 1970 fortd
955 1905 1113 1973 rationem
1140 1907 1229 1999 quod
1244 1903 1318 1978 disci
1333 1909 1441 1989 solaris

148 1991 345 2097 rginieffent
382 1998 524 2093 ropiores
538 2049 549 2080 ,
565 1992 661 2086 idque
675 2015 713 2059 ex
732 1994 870 2090 Optices
887 1991 1019 2088 legibus.
1062 2000 1126 2068 Die
1150 2025 1192 2088 ι,
1216 1996 1286 2071 visae
1306 1999 1377 2079 sunt
1398 2012 1440 2080 ad

148 2093 308 2163 nutudac
386 2112 443 2176 re,
466 2084 517 2159 sed
542 2091 634 2157 tertia
648 2083 689 2153 ab
705 2090 744 2156 iis
765 2085 916 2173 recessrt,
944 2113 1014 2184 φιτ
1035 2087 1097 2163 fuit
1119 2117 1235 2190 magna
1257 2100 1441 2197 irregulari-

159 2189 196 2256 in
213 2206 310 2256 motu
327 2181 421 2277 hujus
432 2183 590 2266 maculae,
617 2175 673 2250 nist
692 2178 777 2253 sottd
798 2204 907 2253 recens
942 2188 1027 2255 enira
1048 2182 1145 2256 fuerit
1164 2193 1197 2258 in
1243 2195 1334 2262 rioris
1352 2197 1438 2273 loeo.

148 2305 212 2368 ³3⁹
229 2279 350 2379 puncta
362 2280 507 2372 quadam
521 2275 652 2346 obscura
665 2271 902 2371 superfuerunt.
920 2207 975 2347 led
988 2287 1110 2372 majore
1123 2216 1286 2380 splentlbre
1299 2294 1439 2365 circum.

148 2374 188 2447 i:
213 2373 306 2471 quod
316 2365 440 2470 semper
455 2374 571 2442 accidit
590 2394 664 2440 curn
685 2367 817 2438 maculae
831 2368 986 2443 desinunt.

148 2478 216 2545 lv.
242 2465 368 2548 vestim
389 2491 464 2563 cum
483 2463 652 2536 satellitum
662 2465 756 2561 jovis
771 2460 899 2557 eclipses
921 2487 1002 2558 pene
1014 2458 1437 2566 solae,Geographiae&ta.

148 2570 180 2636 is
193 2559 456 2660 hydrographieis
476 2556 669 2659 perficiendis
683 2579 837 2650 magnum
846 2552 981 2629 all'etant
989 2580 1213 2644 momentum,
1229 2566 1261 2631 in
1277 2569 1314 2635 iis
1330 2564 1438 2642 obser.

148 2659 214 2729 adis
241 2662 286 2729 D.
313 2658 356 2726 D.
375 2653 496 2727 Caffini
520 2711 530 2739 ‚
556 2651 668 2725 Picard
690 2657 724 2722 dc
751 2652 896 2721 Ro‘e'met
913 2656 1104 2750 praecipuam
1128 2676 1236 2724 curam
1253 2667 1286 2730 δι
1300 2660 1437 2738 studium

148 2778 193 2824 ιιιι
205 2748 347 2852 posuere.
363 2751 442 2846 Jam
463 2774 549 2819 anno
573 2762 662 2835 1676·
685 2748 731 2817 D.
758 2741 877 2816 Calsrni
901 2751 934 2817 in
954 2747 1095 2842 quodam
1112 2750 1317 2823 Eruditorurn
1336 2756 1438 2830 diario

148 2868 306 2918 mutuat
326 2847 538 2917 Astronomos
560 2863 692 2911 exeunte
717 2842 839 2909 Martio
859 2844 936 2911 anni
949 2854 1042 2925 1677.
1055 2837 1187 2938 systema
1200 2841 1439 2948 satellitumJo.

148 2938 196 3012 fic
208 2935 368 3010 inversum
384 2944 421 3007 iri
447 2996 458 3027 ‚
484 2960 519 3007 ut
539 2934 710 3032 superiores
732 2930 920 3005 semicirculi
940 2938 1091 3031 quiante
1114 2931 1294 3009 sexennium
1309 2948 1348 3015 ad
1368 2952 1440 3019 Au.

148 3051 191 3108 ιιιι
212 3032 450 3118 deflectebant,
480 3041 545 3124 jam
559 3029 662 3100 versus
674 3033 810 3098 Boream
822 3030 993 3101 declinent.
1027 3029 1127 3124 quue
1148 3034 1192 3102 ira
1210 3041 1316 3108 evenit
1330 3045 1362 3111 in
1401 3047 1440 3112 ri-

165 3189 179 3219 ,
203 3133 304 3203 tertio
324 3136 358 3201 dc
379 3150 496 3224 quarto
516 3122 670 3209 satellite,
693 3146 762 3192 non
781 3126 860 3194 irem
881 3118 1088 3210 insecundo,
1114 3128 1171 3219 qui
1191 3127 1305 3200 eodem
1327 3138 1359 3204 in
1377 3068 1439 3206 ξω

148 3223 265 3298 mansit
279 3284 290 3313 ,
310 3246 346 3293 ut
367 3229 401 3293 in
413 3231 479 3315 ejus
502 3217 666 3311 eclipfibus
678 3207 878 3290 observatum
891 3215 953 3289 fuit
966 3221 988 3289 ὲ
1002 3222 1050 3291 D.
1069 3223 1116 3293 D.
1138 3219 1268 3294 Calsrno
1299 3235 1333 3298 ὅ(
1348 3232 1438 3301 Roe.
1467 3243 1469 3247 ’

148 3347 159 3391 ι
179 3349 190 3394 :
219 3319 304 3390 adeo
323 3340 358 3388 ut
372 3317 437 3387 hoc
455 3339 542 3386 anno
568 3313 660 3407 hujus
674 3310 817 3383 satellitis
830 3310 964 3384 latitudo
978 3318 1135 3384 contraria
1150 3313 1225 3386 ell‘et
1239 3318 1377 3392 alionrm
1391 3323 1440 3394 la.

148 3417 245 3501 dini,
268 3412 357 3512 quud
376 3435 409 3483 12
424 3408 539 3479 abhinc
562 3413 650 3477 annis
675 3411 862 3503 contigerat.
916 3412 997 3476 traec
1027 3402 1207 3479 observatio
1234 3411 1330 3483 aliam
1361 3422 1437 3489 anni

148 3540 174 3601 4
195 3503 447 3606 comprobavit,
474 3527 545 3600 φιτ
564 3525 639 3572 curn
650 3497 726 3570 esset
737 3497 944 3596 stragulatis&
958 3498 1075 3585 dubia,
1087 3496 1228 3598 suspecta
1239 3523 1309 3575 tum
1329 3505 1439 3579 habeti

148 3604 286 3771 suillllhd
303 3721 435 3794 quoque
450 3700 495 3769 D.
516 3688 637 3762 Callini
650 3684 793 3788 primdm
816 3688 849 3755 in
863 3690 960 3758 tertio
982 3680 1134 3773 satellite,
1152 3688 1264 3759 deinde
1274 3692 1308 3758 in
1320 3714 1439 3786 quart·

148 3797 249 3865 lcum
266 3799 311 3866 D.
328 3797 496 3875 Ro'e'mer,
513 3815 551 3859 ac
566 3787 694 3856 tandem
707 3785 740 3852 in
775 3785 859 3850 timo
876 3779 1083 3878 deprehendit
1095 3837 1106 3868 ,
1117 3784 1248 3881 quodin
1261 3781 1330 3882 ipso
1345 3804 1436 3858 tran-

148 3910 209 3958 rea
225 3893 358 3983 inporte
373 3883 448 3956 disci
464 3886 561 3980 Jovis
581 3936 591 3965 ,
614 3878 667 3949 ubi
692 3809 836 3947 satellites
848 3874 908 3947 elle
927 3874 1114 3965 constabat,
1138 3876 1270 3949 macule
1294 3883 1442 3975 quaedam

148 3977 291 4053 obscure
305 4001 514 4146 apparerent,
530 4001 600 4073 quac
616 3977 647 4043 in
660 3971 730 4072 ipsis
744 3993 836 4042 erant
850 3968 1031 4059 satellitibus
1047 4026 1058 4057 ‚
1081 3976 1176 4071 idque
1191 3971 1232 4044 ab
1244 3999 1331 4045 anno
1350 3993 1440 4076 1665.

148 4109 162 4151 ι
184 4075 286 4146 fuerat
301 4101 324 4144 ο
359 4096 514 4150 erratum,

148 4180 190 4246 Ex
215 4191 283 4265 φιο
299 4169 378 4240 illud
403 4163 541 4239 efficitur
562 4162 712 4263 quasdam
734 4166 767 4231 in
789 4159 970 4233 satellitibus
985 4183 1088 4258 partes
1107 4158 1169 4231 else
1187 4189 1257 4258 φιτ
1274 4171 1358 4242 solis
1384 4172 1435 4242 ru.

148 4296 163 4339 n
180 4288 249 4337 non
270 4286 448 4359 regerunt,
472 4265 553 4333 adeo
577 4284 612 4330 ut
632 4266 768 4354 majores
780 4261 804 4325 ii
819 4252 877 4325 srnr
892 4257 992 4350 qudm
1005 4256 1178 4327 videantur.
1202 4264 1346 4352 Qodex
1358 4291 1435 4336 um,

157 4363 266 4459 quarti
276 4354 417 4428 satellitis
433 4359 476 4428 est
492 4355 715 4427 confirmatum
731 4384 741 4440 3
765 4350 833 4420 haec
846 4353 934 4419 enim
947 4346 1124 4445 aliquando
1141 4347 1271 4425 satellite
1284 4355 1351 4455 ipso
1363 4386 1433 4431 rna-

158 4455 224 4527 visa
248 4456 306 4526 est.
344 4455 431 4524 Cum
446 4476 553 4522 autem
569 4445 724 4541 ejusmodi
748 4442 879 4515 maculer
898 4466 963 4513 non
978 4436 1101 4540 semper
1120 4440 1176 4515 sub
1192 4445 1353 4544 aspectum
1375 4480 1431 4524 ve.

148 4576 195 4637 rr,
205 4558 241 4623 dc
252 4548 413 4620 interdum
426 4540 571 4617 satellites
580 4543 693 4615 eodern
703 4545 735 4610 in
751 4537 809 4610 srtu
821 4538 987 4632 cumJove
999 4546 1032 4609 dc
1046 4537 1121 4608 Sole
1138 4543 1324 4629 constituti,
1349 4545 1432 4639 ejus.

148 4675 160 4717 ι
186 4641 415 4742 nragnitudinis
431 4666 498 4710 non
521 4635 641 4734 semper
659 4647 858 4745 appareant.
876 4631 951 4702 hinc
975 4631 1122 4704 concludi
1150 4632 1237 4730 polle
1258 4638 1361 4708 censer
1389 4648 1434 4715 D,

148 4738 235 4816 linus
242 4763 301 4811 eos
314 4741 400 4809 circa
416 4732 508 4807 suum
525 4754 619 4804 axem
632 4752 714 4804 reru
723 4784 736 4821 ‚
756 4753 796 4802 ac
814 4727 902 4801 sorte
917 4723 1067 4824 quasdam
1087 4728 1126 4796 iis
1141 4733 1331 4804 mutationes
1347 4733 1436 4832 Phy.
