3646 5430
335 314 338 320 ’
422 369 767 449 acinam
808 368 1336 453 historiarum.
1399 509 1400 512 Ὺ
1474 383 1703 557 'aum

167 562 1537 638 -——---.-.—.'.-...-.....--
1553 583 1637 638 nem

402 767 758 868 catur
864 705 1345 861 rattruut.

677 1031 734 1099 De
764 1016 1050 1128 astronomicis.

165 1221 212 1297 1.
229 1222 317 1391 D
334 1226 478 1299 Ominus
498 1224 645 1300 coffinus
663 1230 760 1301 redux
777 1253 816 1301 ex
839 1226 931 1301 Italia
952 1255 1032 1327 quas
1058 1233 1092 1301 in
1113 1230 1227 1301 itinere
1244 1227 1322 1302 fecit
1343 1225 1542 1300 observatio-

333 1344 407 1407 nes,
428 1329 461 1394 &
481 1347 533 1395 eas
552 1328 711 1417 imprimis
723 1352 795 1423 quae
807 1331 846 1398 ad
862 1331 1093 1423 praecipuarum
1117 1324 1245 1399 urbium
1267 1383 1279 1414 ‚
1299 1351 1355 1425 pec
1378 1348 1457 1419 quas
1481 1330 1543 1398 iret

166 1408 286 1504 fecit,
307 1415 525 1513 longitudines
537 1418 700 1517 spectant,
721 1447 832 1494 cotarn
846 1420 1001 1520 exposuit.
1025 1424 1075 1494 Ac
1089 1445 1200 1519 praeter
1216 1446 1327 1494 caetera
1342 1422 1544 1492 animadver-

167 1503 285 1585 fiones
299 1509 367 1583 suas
377 1518 410 1584 in
426 1538 584 1588 canonem
605 1513 791 1590 paschalem
802 1516 983 1617 Hyppoliti
1003 1514 1185 1590 Portuenfis
1206 1514 1355 1619 Episcopi
1373 1513 1429 1586 sub
1444 1512 1545 1588 finem

178 1608 307 1708 Aprilis
324 1609 342 1678 ὲ
358 1608 475 1708 scripto
497 1614 653 1685 recitavit.

233 1707 321 1779 Inter
350 1731 559 1780 monumenta
590 1706 705 1804 quibus
732 1711 932 1783 Bibliotheca
953 1713 1111 1784 Vaticana
1132 1733 1333 1798 exornatur,
1363 1706 1442 1780 illud
1469 1704 1548 1777 infi-

170 1823 252 1899 gne
272 1800 341 1889 est,
367 1827 545 1875 marmorea
571 1805 672 1876 statua
698 1810 730 1877 S·
763 1805 940 1904 Hyppoliti
963 1809 1118 1903 Martyris
1144 1811 1177 1876 in
1210 1805 1359 1877 cathedra
1383 1802 1547 1892 sedentis,

176 1921 287 1994 prope
306 1896 489 1970 cathedram
503 1909 570 1992 ejus
588 1924 723 1995 operum
743 1902 907 1998 catalogus
942 1910 978 1974 δι
1000 1903 1116 1974 Canon
1144 1900 1300 1974 Pascbalis
1321 1905 1440 1972 Graecis
1460 1898 1549 1969 litte·

172 1996 225 2063 xis
247 1998 367 2065 exarari
390 1992 552 2092 leguntur.
600 1996 702 2068 Nulla
725 2006 792 2092 eius
820 2001 971 2090 Cononis
996 1999 1125 2072 extabat
1162 2020 1236 2070 ante
1265 2000 1424 2067 memoria
1451 2053 1461 2079 ,
1488 1991 1549 2065 nii

172 2089 217 2158 iu
233 2085 424 2184 quibusdam
439 2091 625 2178 autoribus,
650 2093 760 2164 cunrd
782 2091 945 2164 ruderibus
975 2093 1138 2187 cujusdam
1157 2095 1289 2165 oratorii
1308 2091 1376 2162 haec
1392 2095 1425 2165 S.
1444 2097 1548 2192 Hyp-

179 2184 278 2282 politi
300 2185 402 2254 statua
418 2208 508 2257 eruta
533 2188 617 2277 fuit,
644 2196 677 2259 &
699 2194 732 2259 in
752 2187 950 2260 bibliotheca
975 2196 1132 2261 Vaticana
1153 2188 1313 2260 collocata
1341 2189 1443 2259 studio
1462 2190 1549 2260 car-
1662 2212 1665 2219 '

176 2279 297 2352 dinalis
321 2283 460 2353 Corvini
477 2336 500 2377 ,¹
520 2287 577 2379 qui
603 2285 710 2383 postea
725 2281 865 2354 summus
883 2281 946 2354 fuit
969 2285 1120 2357 Pontifex
1147 2283 1297 2356 Marcelli
1320 2288 1376 2356 11.
1403 2291 1549 2362 nomine.

182 2379 295 2472 Hujus
322 2379 469 2449 Canonis
490 2379 650 2474 epocham
685 2389 719 2452 δι
748 2379 833 2449 illius
859 2403 934 2448 cum
957 2380 1027 2452 aliis
1052 2387 1153 2477 magis
1190 2377 1383 2466 celebratis,
1419 2403 1551 2453 necnon

179 2494 264 2543 cum
285 2470 419 2548 Tabulis
443 2472 678 2546 Astronomicis
698 2473 906 2547 collationem
932 2531 943 2564 ,
967 2501 1005 2546 ac
1025 2475 1181 2545 methodo
1202 2498 1288 2544 nunc
1310 2472 1454 2567 usurpata
1479 2477 1550 2573 post

177 2571 340 2735 Gregprii
375 2573 533 2643 1111.
559 2573 796 2642 correctionem
831 2575 877 2645 Ι).
903 2570 1052 2644 Calllnus
1079 2575 1206 2643 intento
1237 2573 1351 2642 aniano
1392 2569 1435 2640 est
1468 2594 1550 2642 con-

154 2684 254 2737 ,πεπυ
290 2690 370 2738 atus.

231 2692 284 2831 ll.
314 2765 381 2834 Hic
401 2766 520 2834 Canon
535 2768 569 2832 in
592 2761 667 2832 duas
685 2763 730 2833 est
754 2759 870 2833 divisus
893 2788 1025 2861 partes:
1057 2786 1121 2858 que
1145 2763 1186 2834 ad
1208 2763 1350 2834 dextram
1378 2761 1549 2838 Cathedrae

177 2853 290 2955 polita
316 2859 384 2945 est,
406 2863 514 2930 Lunas
526 2859 665 2930 decimas
681 2881 809 2951 quartas
834 2866 869 2930 &
891 2858 1053 2933 Paschales
1074 2860 1174 2959 Cycli
1195 2873 1232 2928 16
1257 2882 1417 2930 annorum
1440 2869 1549 2935 conti.

184 2975 266 3041 net,
282 2979 357 3026 cum
371 2955 481 3026 diebus
502 2952 656 3024 mensium
677 2957 841 3026 Martii&
866 2955 987 3053 Aprilis
1010 2955 1127 3051 quibus
1145 2980 1189 3026 eae
1213 2959 1434 3052 contingunt:
1454 2953 1549 3032 ferias

180 3071 322 3146 quoque
338 3053 480 3122 indicant
493 3058 528 3122 &
546 3051 611 3120 dies
635 3049 866 3136 hebdomade,
888 3049 1005 3146 quibus
1030 3056 1062 3120 in
1081 3047 1207 3122 diversis
1225 3048 1337 3148 Cyclis
1358 3052 1549 3131 inciderunt.

182 3149 335 3218 variatio
354 3152 461 3217 omnis
472 3152 611 3217 intra66
634 3170 735 3219 annos
757 3141 933 3218 absolvitur
954 3174 967 3217 τ
993 3143 1047 3219 eth
1077 3144 1185 3220 rabula
1209 3147 1249 3219 ad
1277 3170 1325 3215 rat
1346 3171 1448 3218 annos
1472 3174 1549 3220 con·

185 3241 343 3315 tinuatur.
373 3242 480 3313 Altera
497 3241 605 3312 tabula
622 3269 692 3337 qux
704 3241 744 3310 ad
757 3235 909 3312 sinistram
928 3245 975 3314 est
997 3242 1181 3331 collocata,
1212 3245 1277 3315 dies
1303 3239 1465 3315 Pascharis
1490 3270 1550 3316 cu·

160 3382 164 3387 ,
182 3334 299 3434 jusque
311 3343 387 3410 anni
405 3335 644 3433 complediitur.
683 3339 785 3412 Priori
797 3334 910 3408 tabulae
923 3338 976 3409 hic
988 3340 1032 3410 est
1048 3339 1179 3427 titulus,
1197 3363 1233 3413 ut
1247 3338 1267 3410 a
1282 3344 1374 3411 Patre
1389 3340 1549 3414 Bucherio

184 3432 307 3506 latine
324 3433 474 3506 transsata
492 3432 565 3504 fuit.

148 3538 154 3547 “
238 3535 338 3597 Anno
351 3532 451 3625 primo
472 3527 599 3622 Imperii
618 3522 802 3595 Alexandri
826 3529 1025 3625 imperatoris
1042 3529 1134 3617 fam
1147 3528 1188 3618 esi
1200 3526 1321 3593 decima
1336 3544 1457 3620 quarta
1465 3531 1545 3626 pas·

182 3623 292 3693 chelis
307 3622 409 3693 idibus
421 3626 573 3722 Aprilis,
591 3621 757 3709 Sabbata,
774 3645 844 3688 cum
858 3623 967 3713 rnenfis
988 3622 1215 3715 Embolismaeus
1226 3621 1333 3714 fiuffit
1355 3649 1367 3695 r
1379 3624 1544 3714 sequenti.

184 3717 250 3790 but
265 3730 355 3788 annis
371 3719 692 3818 continger,stcutiu
713 3717 827 3808 tabule
838 3717 1035 3814 fiabjetlum,
1055 3722 1087 3788 in
1105 3726 1268 3819 preteritis
1288 3738 1394 3788 autem
1413 3724 1542 3807 evepa't,

176 3817 274 3913 ficut
289 3816 463 3885 indiciarum
479 3818 531 3906 est.
866 3855 868 3858 >

240 3920 322 3989 ΙΙΙ.
358 3923 404 3989 Ex
425 3917 463 3985 iis
477 3914 638 4010 colliginrr
657 3940 729 3986 eam
749 3912 894 3986 tabulam
911 3914 1024 3986 eodem
1046 3940 1134 3986 anno
1156 3915 1212 4009 qui
1237 3915 1358 4011 primus
1382 3911 1445 3983 fuit
1472 3911 1549 3985 Ale·

183 4012 302 4083 iandn
331 4014 401 4110 post
430 4035 471 4100 ¹4
506 4013 632 4081 Lunam
656 4009 839 4085 Paschalem
855 4008 946 4082 fuille
969 4014 1132 4082 conditam
1156 4036 1166 4082 a
1190 4033 1292 4105 eaque
1319 4034 1419 4107 quam
1440 4016 1551 4107 potuit

180 4130 366 4195 accurate,
396 4133 431 4181 ut
453 4102 597 4182 fetebant
617 4133 657 4178 ea
676 4130 822 4205 tempora
842 4161 853 4185 ,
872 4105 934 4178 fuit
951 4105 1095 4178 definita.
1122 4105 1222 4178 Unde
1239 4111 1322 4176 inter
1336 4127 1453 4176 oannes
1469 4130 1550 4202 pene

188 4201 429 4303 chronologos
444 4216 509 4299 jam
537 4203 658 4274 constat
680 4227 802 4276 annum
828 4205 969 4298 primurn
985 4203 1156 4274 Alexandri
1170 4204 1279 4272 Severi
1292 4205 1432 4272 incidere
1443 4204 1475 4269 in
1489 4225 1552 4269 an·

186 4324 271 4373 rrum
294 4332 351 4375 ιη
365 4313 387 4371 a
400 4308 564 4374 nativitate
578 4298 720 4387 Christi,
739 4295 795 4369 etsi
811 4297 956 4397 plerique
964 4298 1115 4373 Chronol
1164 4297 1227 4368 illae
1239 4300 1278 4369 ad
1289 4321 1409 4368 annum
1430 4294 1552 4366 Christi

187 4423 261 4484 224
281 4422 355 4467 eum
369 4424 490 4469 aunum
505 4395 721 4498 produxerint.
760 4399 851 4468 Nam
872 4395 944 4466 idus
965 4393 1082 4495 Aprilis
1099 4325 1183 4483 ,ogo
1204 4398 1268 4466 dies
1288 4420 1316 4486 ¹3
1330 4393 1423 4485 hujus
1434 4389 1552 4462 mensls

185 4493 324 4565 tumdie
340 4493 470 4567 Sabbati
485 4518 550 4565 uon
566 4493 745 4566 inciderunt
767 4489 824 4561 nili
840 4495 930 4562 annis
951 4508 1008 4561 216
1032 4550 1042 4579 ,
1071 4519 1161 4577 222,
1189 4500 1224 4563 δι
1255 4514 1313 4581 231·
1353 4492 1463 4585 Atque
1486 4486 1552 4559 boc

191 4595 199 4607 '
229 4586 363 4660 suanno
378 4620 439 4666 222
458 4591 562 4662 inedia
576 4590 675 4657 Lunae
689 4614 764 4659 curn
784 4587 860 4658 Sole
873 4591 1062 4683 conjunctio
1075 4589 1125 4656 die
1141 4615 1183 4676 30
1201 4590 1312 4657 Martii
1330 4642 1342 4676 ,
1363 4608 1481 4682 nempe
1510 4608 1550 4668 14

188 4616 304 4759 llebus
318 4713 390 4759 ante
404 4694 489 4762 diem
504 4714 533 4777 ¹5
552 4682 671 4782 Aprilis
687 4689 835 4782 contigit.
866 4684 1092 4773 Quamobrem
1112 4683 1177 4754 dies
1196 4682 1251 4753 ille
1270 4687 1388 4752 merito
1416 4706 1475 4780 pro
1499 4682 1552 4752 die

190 4809 231 4878 ¹4
245 4787 345 4857 Lunae
368 4782 449 4861 sumi
469 4786 603 4889 potuit,
625 4803 697 4882 quae
721 4791 808 4881 juxta
822 4770 1000 4856 xCononem
1025 4784 1060 4858 5.
1086 4777 1348 4880 Hyppolitinon
1371 4777 1556 4879 potuiralia
1649 4791 1655 4803 “
