3646 5430
289 393 336 455 72
546 368 552 379 ”
596 359 800 432 REGIAE
830 364 835 372 '
864 353 1305 431 SCIENT1ARUM
1400 348 1406 365 '

154 471 191 539 ·Λ
205 493 274 540 uu.
295 471 340 538 D.
360 463 517 531 Mariotte
538 462 733 554 praecipuum
758 452 842 524 visus
865 478 1024 551 organum
1042 452 1102 526 elle
1125 447 1315 522 choro'idem
1334 475 1343 520 r
1365 469 1441 520 nam
1459 443 1515 518 ubi
1531 443 1648 541 abest,

160 578 256 656 1669.
294 553 428 629 nullafit
447 551 536 627 visto.
575 555 637 622 Sed
654 555 755 620 retina
780 571 888 619 totum
905 555 984 647 tegit
1001 550 1086 618 oculi
1111 549 1271 628 fundum,
1297 545 1513 640 &nusquam
1531 544 1677 637 deest;‚

180 706 184 715 .
293 657 472 744 nonianus
487 646 671 747 inquiebat,
688 643 754 714 baec
779 649 838 714 erit
856 650 1023 743 proprium
1040 640 1122 716 visus
1142 665 1325 739 organum3
1348 664 1453 736 neque
1480 645 1582 711 etiam
1607 664 1649 712 ex

294 777 330 822 ea
344 731 569 819 adinteriores
593 764 695 840 partes
715 737 837 810 cerebri
857 740 1015 811 ducuntur
1030 736 1215 824 filamenta,
1235 743 1282 807 uti
1302 761 1340 806 ex
1363 732 1548 822 choro'ile,
1575 750 1652 836 qut

293 847 338 916 est
360 848 411 942 pie
425 844 533 911 matris
547 835 744 939 produslio,
763 840 853 926 cuius
875 831 961 905 fibrae
974 836 1020 904 ad
1046 833 1327 932 protuberantias,
1356 854 1394 899 ex
1416 831 1533 927 quibus
1556 836 1651 904 nervi

294 944 394 1039 optici
409 941 567 1037 originem
580 928 668 1003 suam
681 931 821 1019 ducunt,
837 935 1064 1035 continuantur
1083 959 1092 1002 :
1108 927 1197 1035 quod
1209 929 1247 998 de
1262 934 1363 1025 retina
1374 928 1438 998 dici
1452 925 1650 1002 nullomodo

320 1037 409 1107 otest.

295 1065 317 1136 P
343 1125 544 1228 Opponebat
564 1135 609 1202 D.
624 1134 766 1222 l‘ecquet
779 1120 928 1195 vasorum
944 1147 1014 1218 quae
1029 1147 1065 1194 ea
1080 1119 1145 1193 basr
1160 1122 1250 1191 nervi
1262 1122 1363 1218 optici
1381 1125 1540 1210 oriuntur,
1553 1108 1650 1194 trun-

297 1253 352 1298 cos
374 1224 487 1295 visioni
501 1222 682 1295 obfuturos.
707 1231 831 1294 Verum
843 1218 879 1289 hi
896 1224 1036 1293 minores
1048 1219 1119 1290 sunt
1140 1216 1242 1314 quim
1260 1239 1296 1287 ut
1312 1214 1467 1289 visionem
1492 1219 1648 1318 interpel.

292 1323 391 1409 lent,
416 1343 470 1392 aut
488 1321 520 1388 id
544 1317 581 1389 srt
603 1314 756 1390 sensibile.

293 1486 297 1492 ,
345 1425 404 1489 ΙΧ.
445 1412 592 1488 Addebat
615 1421 661 1488 1).
682 1416 840 1496 Mariorre
863 1414 1008 1511 quaedam
1030 1407 1239 1508 phanomena
1251 1433 1322 1506 quae
1341 1433 1380 1481 ex
1402 1412 1458 1484 illa
1478 1411 1498 1482 lr
1525 1410 1650 1513 potbeli

294 1513 454 1612 sarisaptle
475 1509 683 1607 explicantur.
709 1509 793 1579 Illud
810 1512 987 1608 imprimis,
1008 1506 1099 1604 qubd
1116 1504 1239 1671 pupilla
1264 1510 1297 1575 in
1315 1504 1489 1581 obscuriori
1501 1440 1586 1581 loto
1599 1513 1648 1583 di·

295 1612 433 1697 latetur,
450 1612 484 1678 in
493 1605 615 1678 lumine
628 1602 846 1678 contrahatur.
882 1608 990 1696 Hujus
1004 1624 1114 1672 natura
1129 1606 1154 1672 is
1167 1657 1177 1688 ,
1190 1624 1258 1671 non
1270 1600 1442 1698 voluntarii
1454 1627 1562 1676 motus
1576 1628 1651 1678 cau-

296 1705 330 1778 sa
342 1711 393 1775 vix
417 1705 480 1775 alia
495 1695 556 1771 else
574 1700 675 1801 potest
696 1755 706 1786 ,
726 1701 828 1795 quam
842 1696 1015 1796 exquisitus
1029 1695 1193 1767 choro'r‘dis
1216 1692 1329 1771 sensus.
1366 1702 1464 1770 Hanc
1486 1705 1577 1771 enim
1597 1703 1651 1776 lux

299 1805 398 1874 nimia
422 1795 584 1870 offendit:
602 1795 685 1868 unde
698 1803 733 1866 δι
753 1792 847 1867 fibras
863 1793 980 1891 quibus
1002 1818 1078 1863 eum
1091 1793 1171 1862 uveal
1182 1796 1333 1864 anteriori
1345 1797 1573 1884 connectitur,
1593 1823 1650 1871 aut

297 1896 458 1969 contrahit
471 1949 481 1980 ,
495 1913 551 1961 aut
564 1891 672 1979 laxat,
693 1897 762 1986 quo
773 1898 839 1984 ejus
852 1913 1033 1988 aperturam
1052 1941 1063 1974 ,
1092 1912 1163 1982 quae
1205 1885 1302 1986 upilla
1315 1889 1456 1979 dicitur,
1476 1893 1651 1966 arctiorem

296 1991 349 2063 vel
365 1982 513 2062 la'tiorem
525 1983 667 2071 efficiat,
683 2008 719 2056 ut
733 1985 842 2056 lumen
853 1984 969 2055 fortius
980 1986 1026 2055 est
1037 2005 1093 2054 aut
1108 1914 1252 2056 debilius.
1303 1985 1404 2074 Quod
1424 1986 1581 2088 explicatu
1603 1990 1649 2060 est

297 2077 526 2158 difficillimum
539 2139 550 2170 ,
564 2079 586 2153 sr
601 2087 703 2154 retina
716 2076 802 2151 visus
816 2080 967 2152 statuatur
977 2104 1147 2179 organum.
1305 2162 1309 2171 1

353 2185 400 2255 X.
430 2178 513 2248 Illud
533 2202 666 2275 quoquc
682 2201 723 2247 ex
750 2176 904 2247 strudlura
926 2177 1097 2249 oculorum
1118 2182 1152 2249 in
1175 2175 1286 2250 avibus
1309 2236 1320 2266 ,
1346 2187 1380 2253 de
1401 2183 1491 2253 iniis
1512 2189 1650 2259 maximi

297 2301 421 2378 quaer
438 2274 540 2373 praeda
553 2274 691 2362 vivunt,
707 2271 941 2372 comprobabat
957 2301 965 2345 ε
982 2279 1028 2344 ita
1043 2277 1129 2342 enim
1156 2273 1226 2346 sunt
1239 2271 1341 2362 faeti,
1361 2298 1396 2346 ut
1421 2300 1537 2350 nervus
1560 2305 1582 2349 o
1621 2288 1649 2351 i·

299 2401 354 2446 cus
372 2366 491 2470 inipso
510 2367 648 2470 ingressu
659 2375 695 2439 in
716 2366 831 2440 orbem
849 2365 1040 2444 inflectatur.
1066 2371 1165 2441 Hanc
1180 2394 1382 2443 curvaturam
1408 2367 1451 2442 src
1474 2379 1553 2470 tegit
1569 2305 1651 2448 cllo·

298 2473 404 2542 ro'r'des
426 2491 460 2537 ut
476 2466 560 2539 linea
583 2464 657 2536 alba
672 2470 707 2535 in
729 2464 839 2535 medio
853 2487 1040 2551 remaneat,
1064 2487 1103 2532 ex
1123 2489 1187 2562 qua
1206 2471 1307 2535 retina
1331 2463 1419 2539 suam
1440 2467 1528 2538 ducit
1548 2477 1651 2568 origi·

298 2591 386 2639 nem.
411 2571 492 2638 Hac
507 2560 698 2633 choro'idem
718 2557 761 2629 src
775 2563 876 2658 tegit,
902 2560 975 2630 utri
998 2560 1095 2630 latere
1117 2560 1205 2632 lineae
1228 2561 1368 2631 candidae
1394 2619 1406 2650 ,
1431 2563 1650 2637 membranula

298 2663 391 2761 nigri
407 2655 547 2752 ejusdem
569 2654 777 2754 longitudinis
795 2679 870 2725 cum
893 2655 977 2727 linea
997 2653 1071 2726 alba
1095 2653 1282 2732 obducatur.
1333 2661 1439 2731 Locus
1460 2656 1515 2728 ille
1538 2666 1589 2731 axi
1605 2665 1650 2734 ell

297 2761 482 2858 proximus,
499 2753 581 2822 adeo
598 2773 635 2821 ut
651 2772 699 2818 res
712 2747 846 2842 objestae
865 2754 1002 2847 inques
1021 2774 1096 2821 aves
1116 2757 1219 2822 aciem
1239 2755 1435 2840 intendunt,
1458 2757 1490 2822 in
1510 2757 1648 2830 eandem

297 2863 462 2924 incurrant
476 2843 748 2917 membranulam.
770 2846 858 2916 Cum
872 2849 968 2944 igitur
986 2853 1020 2918 in
1034 2871 1071 2917 ea
1084 2869 1174 2945 parte
1187 2852 1292 2917 acrior
1307 2843 1344 2919 srt
1363 2845 1442 2920 visio
1463 2902 1474 2933 ,
1496 2856 1531 2921 δε
1546 2857 1652 2923 retina

299 2947 344 3019 ibi
358 2942 455 3030 defit,
469 2965 609 3038 cumque
620 2965 694 3011 aves
706 2939 766 3010 illar
782 2939 842 3014 srnt
850 2946 1001 3015 acutioris
1012 2941 1105 3030 visus,
1118 2941 1223 3042 palam
1236 2941 1297 3014 else
1311 2943 1415 3017 aiebat
1425 2951 1651 3037 nourerinam,

297 3037 557 3114 sedchoroIdem
572 3029 634 3108 esse
670 3035 943 3136 'raeciprrumvisrls
959 3065 997 3110 or
1019 3063 1129 3111 anum.
1540 3047 1545 3058 '

297 3190 302 3197 »
346 3143 407 3211 ΧΙ.
432 3135 467 3206 ld
481 3136 560 3204 verb
572 3155 617 3228 qu
672 3134 790 3205 ultimo
803 3132 880 3205 loco
892 3134 931 3204 de
946 3064 1049 3205 oculis
1062 3138 1170 3205 avium
1185 3134 1391 3234 proposuerat
1415 3142 1460 3212 D.
1482 3139 1651 3230 Mariotte,

298 3234 422 3334 placuit
432 3235 466 3300 in
483 3234 633 3327 proximo
643 3224 811 3328 congressu
829 3235 980 3324 experiri.
1015 3235 1130 3326 ltaque
1149 3235 1183 3300 in
1208 3233 1306 3303 Milvi
1328 3234 1432 3305 adhuc
1457 3236 1524 3302 vivi
1553 3237 1652 3311 oculis

299 3317 591 3418 diffediirhecsunt
614 3321 789 3395 observata.
817 3351 842 3398 r.
864 3328 939 3395 Pars
961 3324 1168 3421 Chrystallini
1195 3333 1335 3399 anterior
1360 3327 1459 3428 paulo
1480 3335 1652 3404 convexior

296 3423 403 3523 quam
421 3421 576 3522 posterior
595 3415 660 3490 visa
680 3419 749 3508 ell3
778 3419 870 3513 hujus
888 3417 1007 3493 limbus
1032 3422 1200 3493 rotundior
1223 3431 1257 3494 &
1272 3421 1395 3495 densior
1412 3431 1516 3521 quam
1536 3429 1572 3494 in
1591 3426 1653 3496 ho·

297 3513 407 3608 mine,
427 3518 559 3616 propius
577 3516 618 3585 ad
639 3514 859 3613 crystallinum
876 3510 974 3612 piscis
989 3519 1126 3588 omnino
1143 3514 1314 3614 globosum
1329 3517 1411 3592 visus
1433 3521 1478 3590 est
1496 3522 1655 3599 accedere.

295 3619 537 3696 12,Netvorum
555 3615 742 3711 opticorum
753 3613 864 3683 eadem
883 3616 998 3710 origo,
1022 3636 1093 3707 quae
1112 3617 1145 3682 in
1159 3616 1290 3684 terrenis
1311 3613 1526 3702 animalibus,
1549 3614 1591 3687 ab
1615 3624 1655 3692 iis

298 3718 453 3786 nimirum
469 3705 718 3807 protuberanriis
735 3732 806 3804 qua:
817 3731 905 3778 nates
917 3710 1084 3786 dicuntur,
1111 3731 1247 3806 quaeque
1258 3714 1293 3778 in
1312 3704 1457 3810 suprema
1470 3708 1565 3806 spinae
1586 3739 1656 3785 me.

296 3807 427 3879 dullaris
447 3803 610 3901 produdlae
632 3825 723 3901 parte
742 3802 851 3898 posrrae
872 3799 968 3890 sunt,
986 3808 1070 3874 intra
1085 3808 1229 3874 cranium
1249 3810 1299 3907 pia
1320 3829 1420 3876 marre
1443 3830 1535 3878 erant
1559 3815 1656 3880 invo.

298 3904 379 3975 luta.
401 3927 428 3989 3.
448 3904 578 3974 Nervus
591 3903 718 3997 opticus
731 3898 895 3996 paululum
917 3898 1042 3971 dilatari
1065 3897 1250 3988 videbatur,
1271 3923 1443 3995 antequam
1459 3901 1499 3971 ad
1519 3902 1657 4002 globum

301 3998 389 4070 oculi
408 3998 610 4096 perveniret;
655 3993 722 4066 lura
736 3990 900 4064 filamenta
919 3998 955 4064 iu
968 4019 1006 4066 ea
1026 3993 1213 4065 dilatatione
1229 3994 1423 4095 apparebant
1443 4053 1453 4084 ,
1472 4005 1593 4089 quaein
1614 4001 1659 4074 li·

298 4117 395 4167 neam
415 4089 522 4163 albam
546 4094 578 4158 in
592 4021 766 4162 sessoria
782 4089 884 4160 fundo
902 4093 1044 4164 cicatrici
1069 4089 1204 4159 similem
1229 4089 1422 4165 desinebant.
1466 4097 1549 4185 Qrae
1575 4098 1660 4171 linea

297 4215 337 4262 ut
348 4184 521 4262 internosci
539 4183 667 4256 facilirls
687 4184 787 4286 pollet
800 4241 811 4273 ,
826 4193 861 4257 δι
886 4183 985 4257 illaesrs
999 4194 1104 4259 retina
1123 4193 1156 4258 δι
1177 4186 1333 4257 choro'r'de
1350 4184 1486 4260 fundum
1501 4191 1586 4261 oculi
1605 4199 1661 4264 in.

303 4290 385 4356 tueri
412 4283 521 4353 liceret
548 4336 558 4365 ,
583 4281 694 4353 oculus
723 4277 927 4352 transverfim
949 4306 1005 4381 pet
1027 4284 1169 4354 medium
1194 4278 1295 4352 festus
1314 4283 1381 4368 est,
1409 4286 1490 4354 adeo
1511 4309 1546 4357 ut
1566 4311 1662 4384 parte

300 4384 398 4450 vitrei
411 4378 555 4448 humoris
564 4370 638 4445 sesti
649 4373 810 4479 superstite
827 4376 963 4449 fundum
987 4379 1073 4449 oculi
1091 4375 1272 4475 conspicere
1291 4377 1420 4467 liceret,
1441 4401 1510 4451 tum
1523 4381 1664 4457 humore

294 4479 410 4546 vitreo
423 4475 546 4568 penitus
558 4493 735 4557 evacuato,
750 4477 852 4543 retina
865 4481 898 4544 δι
912 4473 1083 4545 choro'r'des
1094 4477 1127 4543 in
1140 4498 1213 4544 earn
1227 4472 1345 4543 lineam
1361 4499 1432 4570 quae
1445 4480 1479 4546 in
1494 4484 1584 4548 nervi
1597 4505 1619 4549 o

298 4574 360 4642 eici
371 4561 507 4665 ingressu
521 4560 701 4654 formatur,
715 4564 786 4641 visae
798 4564 870 4638 sunt
881 4574 1057 4641 terminari.
1071 4567 1202 4639 Sublata
1213 4566 1456 4658 membranula,
1499 4597 1575 4643 uam
1588 4573 1610 4645 s
1622 4506 1664 4646 b

305 4670 432 4762 nigram
446 4656 507 4735 else
519 4659 655 4729 diximus
667 4715 678 4745 ,
691 4685 730 4731 ex
751 4683 886 4755 utraque
906 4687 996 4763 parte
1014 4665 1103 4735 lineae
1119 4662 1375 4738 alba-filanreuta
1391 4597 1524 4765 specillo
1534 4672 1666 4743 aetem

297 4753 401 4857 siut,
415 4755 532 4861 quibus
555 4753 632 4852 huic
651 4753 743 4829 liueae
762 4755 865 4855 ambae
880 4766 996 4833 tunice
1020 4782 1109 4841 crant
1129 4758 1270 4861 illigata.
1463 4846 1468 4851 ,

1505 4893 1539 4960 4.
1561 4864 1670 4936 linea
