3646 5430
292 316 351 370 τοι
623 288 820 360 REGIAE
880 282 1329 357 sentimum

58 379 70 413 ''
158 385 221 455 du
234 405 274 459 u.
289 414 347 484 pro
372 386 472 473 osirit,
495 404 566 480 que
581 387 614 451 in
637 382 740 452 lucem
754 404 823 452 tum
838 382 994 474 prodiere.
1018 377 1126 449 Musta
1137 379 1307 474 quoque&
1324 380 1362 450 Ρ.
1374 377 1410 445 1³.
1424 376 1638 478 Pontus&

157 491 244 557 1651.
288 416 436 557 Riciuud
463 486 546 552 cirta
574 477 817 546 declinationem
836 479 1048 569 Magnetis&
1068 482 1134 564 ejus
1153 479 1337 544 varietatem
1359 469 1433 541 sunt
1461 470 1637 553 observem

286 585 330 650 Ex
350 577 466 673 quibus
482 571 626 671 suspicari
640 570 715 640 licet
727 570 810 638 hanc
826 568 866 639 ab
884 564 1051 637 universali
1069 567 1160 637 causa
1179 571 1256 637 oriri
1270 624 1281 654 ,
1301 589 1373 664 quae
1399 588 1477 636 cum
1490 567 1637 668 analogia

286 675 424 768 quadam
440 671 559 766 ubique
572 672 640 736 vim
655 661 743 734 suam
765 685 905 735 exereret
926 716 939 749 ,
967 660 1023 731 nist
1040 658 1137 732 eausae
1158 661 1362 759 particulares
1380 663 1633 737 intercederent:

287 792 361 838 nam
377 766 419 839 ab
431 792 517 838 anno
533 768 621 836 1686·
640 760 682 830 ad
697 783 817 830 annum
837 764 913 831 1688
938 760 1071 828 Lutetia
1085 764 1120 827 δι
1136 761 1234 833 Sirmi
1258 778 1315 828 aut
1334 759 1442 850 potius
1466 761 1502 828 in
1516 759 1632 858 oppido

285 864 399 930 Louvo
411 862 522 932 eadem
543 860 757 952 ueneratione
773 858 817 924 est
837 857 1018 925 imminuta.
1044 856 1089 926 D.
1108 856 1275 949 varignon
1294 847 1362 921 suas
1379 849 1633 931 denuntiem,

285 960 422 1051 jediuras
440 951 603 1052 proposuit
627 952 1050 1045 quaeinAstisanni1692.
1075 954 1278 1018 continentur
1301 946 1353 1015 die
1372 969 1412 1036 ¹4
1433 944 1599 1024 Febrrratii.

343 1056 410 1122 Res
428 1048 493 1147 ipsa
516 1050 611 1144 digna
623 1046 667 1115 est
680 1101 690 1132 ‚
705 1053 793 1137 cujus
812 1047 1012 1114 mentionem
1031 1041 1185 1111 hocloco
1203 1038 1367 1112 faciamus.
1385 1043 1546 1129 Primum,
1557 1049 1630 1119 Cer.

285 1145 363 1219 testo
389 1172 457 1217 non
481 1141 663 1227 assentitur,
691 1146 748 1234 qui
766 1140 915 1209 duritiem
936 1143 970 1206 in
986 1141 1095 1234 quiete
1121 1141 1259 1234 partium
1274 1140 1421 1232 corporis
1442 1135 1486 1208 fic
1507 1138 1627 1235 postam

287 1241 348 1312 esse
364 1264 480 1338 putat,
502 1260 538 1308 ut
565 1260 667 1332 partes
692 1257 802 1305 omnes
827 1232 884 1304 srbi
904 1241 1054 1330 proximae
1076 1228 1407 1315 omnibusobfistant,
1431 1256 1505 1327 quae
1517 1231 1629 1333 separa.

285 1340 409 1406 tionem
427 1333 541 1405 afferte
553 1352 719 1403 conantur.
755 1335 785 1399 Is
807 1353 885 1399 vero
905 1330 1069 1398 contendit
1083 1333 1115 1395 in
1131 1329 1239 1422 quiete
1252 1330 1316 1395 vim
1328 1325 1392 1394 esse
1405 1327 1555 1416 nuliam,
1574 1335 1625 1428 qui

287 1433 392 1505 motui
412 1429 529 1500 resistat
549 1454 558 1498 :
582 1432 629 1497 vis
644 1429 733 1494 enim
754 1448 887 1518 queque
905 1433 1010 1512 major
1024 1430 1056 1495 δι
1074 1415 1252 1491 minoresse
1263 1422 1390 1518 potest,
1414 1426 1509 1520 quies
1532 1449 1624 1501 autem

289 1547 355 1595 non
367 1520 508 1621 suscipit,
526 1543 561 1592 ut
575 1521 764 1617 loquuntur,
782 1525 883 1616 magis
895 1541 951 1589 aut
968 1525 1083 1589 minus.

343 1646 378 1691 2.
399 1623 518 1713 Neque
528 1624 563 1687 in
575 1639 688 1687 eorum
707 1610 894 1688 sententiam
906 1614 1137 1708 concedit‚,qui
1147 1633 1322 1708 corporum
1333 1612 1484 1686 duritiem
1500 1615 1626 1715 exptts·

287 1711 373 1784 sione
390 1711 512 1784 subtilis
530 1716 660 1802 materie
679 1707 877 1780 circumfusa
897 1714 970 1779 duci
996 1717 1180 1805 opinantur.
1227 1711 1316 1778 Nam
1339 1706 1416 1779 huic
1456 1713 1626 1786 reducenda

286 1806 416 1880 effriitti
433 1819 496 1899 jam
516 1810 664 1877 duritiem
679 1804 818 1900 aliquam
833 1804 884 1873 vei
896 1810 928 1874 in
942 1807 1106 1900 corporis,
1129 1801 1179 1872 vel
1195 1807 1228 1870 in
1246 1806 1385 1873 materie
1397 1801 1431 1874 su
1472 1812 1476 1821 '
1494 1812 1520 1878 is
1539 1815 1626 1906 perti·

287 1905 369 2070 culi}
385 1902 481 1974 inesse
504 1924 692 2002 oporteret,
732 1903 829 1998 idque
859 1897 962 1996 ipsum
985 1901 1030 1970 est
1050 1955 1062 1988 ,
1083 1900 1171 1994 quod
1197 1901 1366 1995 quaritur:
1388 1923 1559 2003 utcumrpe
1577 1926 1625 1979 tes

288 2023 326 2071 ea
360 2023 385 2071 ιι
445 2071 447 2075 ,

344 2121 371 2183 3.
397 2091 533 2166 Nullam
552 2093 683 2188 quidem
704 2086 767 2159 esse
784 2091 819 2159 in
840 2093 946 2184 quiete
973 2093 1063 2175 vim,
1082 2093 1148 2186 quir
1167 2095 1273 2162 motui
1289 2088 1407 2162 rrfistrr
1426 2145 1439 2178 ,
1456 2089 1510 2164 sed
1530 2116 1626 2169 numu

287 2195 321 2264 vi
332 2193 440 2285 aliqua
460 2215 542 2286 opus
559 2186 619 2258 esse
630 2242 641 2272 ‚
654 2209 725 2280 quae
737 2206 863 2256 motum
876 2181 996 2255 efficiat
1009 2239 1020 2271 ,
1033 2195 1067 2260 dt
1079 2211 1121 2257 eo
1133 2192 1249 2279 majori
1265 2208 1345 2284 opus
1359 2186 1405 2255 est
1413 2240 1427 2274 ‚
1452 2212 1627 2286 quom

287 2297 391 2381 major
402 2283 448 2351 est
464 2281 694 2379 producendus.

339 2411 378 2474 4.
410 2376 636 2473 Qatuobrem
647 2373 701 2447 illa
719 2374 888 2448 resistentia
906 2402 1006 2472 quam
1021 2381 1055 2448 in
1066 2370 1291 2476 disrumpendo
1306 2380 1625 2547 corpoteudgfutdm

287 2476 370 2547 illius
391 2477 411 2545 d
431 2471 461 2542 se
483 2477 621 2542 invicem
634 2471 818 2540 divellendis
829 2478 1008 2568 experimur
1025 2527 1036 2558 ,
1052 2496 1093 2542 tx
1104 2496 1147 2541 eo
1167 2476 1243 2543 oriri
1260 2471 1388 2568 potest,
1419 2499 1444 2569 q
1477 2478 1484 2495 '
1531 2498 1622 2549 rm

285 2568 372 2669 ipse,
388 2591 524 2665 quaque
544 2571 653 2638 omnir
665 2568 705 2634 ad
719 2589 796 2634 eum
811 2563 1013 2637 efficiendum
1039 2564 1109 2637 sunt
1131 2563 1321 2654 necessaria,
1343 2569 1431 2664 πετὲ
1480 2571 1622 2642 radron-

285 2689 346 2738 tut.
374 2672 413 2736 Et
432 2664 562 2757 quidem
582 2659 653 2732 eth
680 2658 799 2757 pothefi
815 2662 904 2756 quod
916 2669 1024 2734 omnia
1046 2659 1140 2758 plena
1152 2659 1233 2745 sint,
1254 2684 1289 2732 ut
1309 2685 1429 2758 corpus
1444 2596 1623 2762 adiquoddi-

285 2763 414 2831 vidatut
434 2814 445 2843 ,
469 2767 503 2828 dr
525 2781 628 2854 partes
648 2688 764 2824 iiiiusa
780 2753 812 2825 se
824 2779 937 2825 mutuo
954 2755 1160 2854 separentur,
1181 2755 1301 2828 necesse
1324 2757 1370 2826 est
1393 2781 1432 2829 ut
1456 2761 1523 2831 aliz
1546 2755 1623 2833 find

286 2863 320 2929 ἕ(
341 2854 456 2923 eodem
467 2875 612 2950 tempore
627 2855 660 2920 in
672 2874 782 2920 earum
802 2850 911 2921 locum
927 2848 1118 2937 succedant,
1138 2876 1176 2921 sc
1188 2847 1292 2923 subito
1307 2855 1394 2922 rimis
1408 2854 1575 2944 omnibus,
1592 2864 1623 2929 dt

286 2946 445 3018 meatibus
460 2952 625 3045 corporis,
642 2947 731 3040 quod
751 2942 932 3042 frangitur,
953 2942 1016 3016 sese
1032 2948 1289 3022 accommodent.
1325 2949 1430 3042 Q⁰d
1441 2948 1511 3021 fieri
1582 2972 1623 3022 tut

286 3039 343 3112 nist
367 3042 414 3111 hae
438 3067 528 3114 nova
543 3039 738 3142 particulari
765 3045 876 3111 vicinis
893 3037 1119 3137 sejungantur,
1142 3050 1176 3114 δι
1201 3039 1337 3139 spatium
1360 2972 1623 3142 relnquariir'i·

288 3160 358 3232 φιτ
375 3162 484 3208 earum
505 3139 658 3235 impleant
674 3136 782 3205 locum
797 3191 807 3219 ,
824 3136 920 3231 idque
935 3141 1078 3206 exomni
1097 3160 1209 3233 parte,
1230 3138 1334 3208 donec
1350 3136 1459 3210 hiatus
1481 3145 1537 3236 qui
1554 3143 1624 3211 inter

285 3233 443 3303 dividendi
465 3237 608 3331 corporis
630 3253 732 3326 partes
746 3228 895 3316 efficitur,
909 3256 1085 3327 corporum
1099 3256 1169 3327 qua
1182 3238 1409 3326 circumjacent
1428 3262 1464 3305 m
1506 3233 1625 3306 nitudiui

284 3350 422 3426 aptetur.
454 3327 677 3423 Quamobrem
694 3347 887 3420 corpusnon
904 3327 1078 3412 dividitur,
1097 3331 1175 3420 quin
1196 3326 1259 3397 alia
1281 3325 1455 3409 complura
1498 3328 1561 3399 mul
1583 3329 1624 3399 di-

286 3422 443 3503 vellantur
457 3479 468 3510 ,
482 3450 520 3493 ac
532 3447 638 3496 motus
653 3442 721 3508 tam
738 3422 894 3515 repentini
910 3419 999 3506 fiant,
1011 3442 1046 3490 ut
1061 3443 1163 3519 partes
1174 3447 1287 3492 eorum
1300 3421 1416 3498 avulsa
1432 3430 1467 3496 in
1477 3420 1623 3524 ipsorhir·

286 3541 336 3590 tus
357 3517 447 3590 simul
468 3525 630 3591 incurrant
660 3572 671 3603 ,
695 3517 783 3612 quod
804 3519 876 3585 vim
896 3520 994 3613 exigit
1015 3519 1056 3586 ed
1086 3525 1243 3610 majorem
1270 3576 1282 3606 ,
1309 3523 1378 3614 qud
1403 3519 1514 3617 plures
1536 3542 1624 3614 parter

285 3611 357 3685 sunt
376 3639 441 3686 uno
464 3624 498 3689 dr
521 3617 637 3686 eodem
661 3632 831 3688 momento
852 3605 1060 3712 separandae,
1090 3635 1129 3683 ac
1157 3632 1250 3682 motu
1275 3637 1342 3687 tam
1375 3618 1538 3713 precipiti
1563 3617 1623 3713 agi·

287 3712 399 3783 tande.

334 3810 498 3896 Qrocirca
517 3807 647 3874 durities
670 3807 812 3902 corporis
832 3807 866 3873 in
882 3827 922 3873 eo
940 3799 1041 3901 posta
1057 3803 1201 3890 ridetur,
1217 3801 1307 3897 quod
1323 3801 1456 3877 difficile
1466 3805 1506 3878 sit
1518 3830 1569 3881 ιοι
1582 3806 1621 3877 di·¹

289 3897 422 3968 visiones
435 3898 524 3969 simul
542 3897 667 3969 efficere
684 3955 694 3984 ,
710 3924 747 3968 ac
768 3920 893 3968 tantum
916 3902 1048 3990 materie
1061 3898 1101 3968 ad
1122 3922 1247 3969 motum
1268 3899 1349 3969 adeo
1363 3896 1509 3973 subitum
1521 3899 1620 4000 impes·

288 3992 364 4064 lere.
407 3997 516 4086 Atque
533 4020 574 4063 eo
593 3993 698 4062 durius
712 3996 756 4064 est
773 4018 907 4090 corpur,
925 4018 992 4089 quo
1006 3994 1109 4090 plures
1125 3988 1295 4064 efficiendae
1320 3992 1432 4067 forent
1444 3995 1620 4086 division,

288 4089 447 4162 &eodem
463 4109 607 4185 tempore
618 4090 699 4156 inter
735 4112 815 4160 artes
828 4114 1001 4186 corporum
1021 4113 1091 4183 quae
1108 4083 1178 4159 sunt
1192 4091 1397 4182 circumjedita
1423 4118 1434 4165 t
1465 4092 1620 4165 crebrior·
1667 4136 1669 4151 ι

287 4207 396 4254 autem
412 4183 523 4253 future
547 4180 616 4253 sunt
636 4180 696 4252 ilsae
713 4119 901 4272 divisones,
926 4182 994 4280 qud
1009 4188 1042 4252 in
1055 4186 1240 4253 minutiores
1252 4208 1406 4280 partesea
1429 4212 1567 4286 corpora
1581 4208 1619 4256 at·
1666 4158 1669 4215 ς

286 4283 346 4352 teri
361 4276 480 4350 necesse
492 4278 535 4348 est
549 4334 560 4365 ,
574 4303 647 4348 cum
662 4273 780 4354 scilicet
802 4302 914 4351 eorum
939 4283 1010 4375 pori
1028 4269 1098 4348 sunt
1120 4279 1323 4373 angustiores.
1365 4286 1458 4353 Hinc
1483 4275 1618 4353 adrose-
1666 4258 1669 4353 i

145 4434 149 4442 .
286 4380 395 4483 quitur
405 4400 441 4444 ea
457 4398 592 4472 corpora
605 4368 665 4443 esse
680 4378 829 4458 duriora,
843 4401 981 4473 quorum
1003 4377 1073 4469 poti
1094 4371 1165 4443 sunt
1190 4374 1371 4461 ardiiotes,
1396 4382 1443 4447 ita
1461 4401 1500 4467 ut
1518 4374 1542 4447 st
1562 4376 1619 4476 poti
1643 4372 1670 4461 's

284 4476 345 4543 sint
363 4467 525 4541 indefinite
547 4473 656 4568 parvi,
673 4469 834 4543 indefinita
847 4494 978 4568 quoque
992 4474 1055 4538 vio
1079 4493 1114 4538 us
1129 4465 1166 4538 fit
1187 4523 1198 4554 ,
1223 4474 1291 4561 φιὸ
1306 4492 1411 4567 partes
1429 4471 1540 4543 divelli
1561 4464 1617 4543 ist

283 4570 424 4637 invicem
445 4563 573 4664 possint.
597 4567 649 4635 Ac
670 4590 786 4666 corpus
807 4567 961 4663 quodque
976 4494 1173 4636 durissimum
1191 4568 1226 4633 in
1239 4589 1341 4640 vacuo
1356 4562 1456 4642 facile
1469 4564 1619 4671 frangas!
1668 4568 1670 4591 '

283 4680 362 4752 tur,
384 4687 459 4738 cum
479 4659 570 4737 mille
588 4660 651 4757 alia
667 4685 805 4765 corpora
816 4666 851 4741 iu
861 4662 959 4769 pleno
973 4658 1034 4737 suat
1046 4659 1224 4743 dividenda,
1358 4661 1372 4671 ’
1470 4664 1486 4674 “
1668 4746 1670 4751 Ι
