3646 5430
337 356 689 439 llCADEMlAE
732 366 1074 447 HISTORIA.
1112 370 1185 444 Irr-
1204 373 1236 444 1.
1392 375 1434 462 87

61 458 163 566 ῥοίό.
172 458 328 560 quadam
342 456 490 534 adversus
502 461 587 532 hanc
601 460 790 535 sententiam
799 490 870 562 quae
880 491 966 535 nunc
975 465 1042 537 fere
1054 465 1264 556 obtinet,non
1274 486 1432 540 coutem-
1472 465 1529 534 De

61 562 161 634 mma
173 564 346 658 opponit,
363 583 482 656 nempe
495 555 617 629 subtilis
627 553 792 652 cujusdam
802 567 942 635 materia
954 569 1107 635 continua
1121 559 1313 662 impulsrcne
1345 568 1429 635 rauia
1442 562 1564 656 grauia

60 678 198 755 oreque
224 653 377 729 deorsum
395 655 496 729 trudi.
528 659 673 728 Primum
691 659 779 726 enim
794 654 878 728 srrer
895 655 1039 744 inesset,
1058 685 1176 757 corpus
1198 682 1296 756 grave
1321 589 1429 755 lgurae
1448 674 1526 736 rate.

58 752 175 827 obice
191 809 205 839 ,
221 777 279 825 aut
302 751 434 825 alterius
458 753 605 835 latioris,
633 776 699 848 qua
714 751 819 850 plures
840 757 923 826 istus
942 750 1063 827 subtilis
1084 760 1223 826 materiae
1246 759 1429 854 exciperet,

57 850 147 922 eitius
157 845 389 937 descenderet,
407 851 511 945 quim
524 872 641 947 corpus
655 843 868 946 sphericum:
893 873 1004 921 contra
1025 875 1132 923 tamen
1153 856 1273 925 evenit.
1291 856 1428 948 2.an

57 950 152 1019 etiarn
174 949 354 1018 minutiora
370 971 510 1043 quaque
528 968 666 1041 corpora
682 950 776 1015 citius
788 948 957 1034 caderent,
979 949 1081 1043 qualm
1101 957 1249 1042 majora,
1264 946 1324 1019 illis
1338 955 1427 1022 enim

58 1051 161 1137 major
184 1041 328 1114 celeritas
341 1045 566 1140 imprimitur,
584 1049 618 1114 bc
637 1047 741 1133 major
762 1044 839 1112 inest
856 1040 1035 1138 superficies
1049 1070 1108 1139 pro
1133 1042 1221 1115 mole
1237 1042 1290 1115 sua
1308 1102 1320 1132 ,
1340 1046 1425 1117 unde

56 1135 165 1236 plures
178 1136 268 1211 illius
289 1162 389 1237 partes
406 1136 576 1212 feriuntur.
602 1167 628 1227 3.
653 1137 742 1235 Qid
757 1134 855 1209 musa
869 1136 931 1210 elle
953 1143 1056 1238 potest
1072 1166 1108 1213 ut
1123 1166 1179 1211 cor
1203 1167 1259 1212 ora
1283 1141 1425 1236 ejusdem

58 1233 159 1307 molis
175 1295 188 1327 ‚
205 1229 257 1304 seu
277 1235 449 1305 voluminis
469 1233 531 1305 alia
553 1230 615 1303 stnt
636 1231 704 1303 aliis
728 1237 877 1330 graviora
898 1256 909 1310 t
936 1244 989 1306 An
1012 1238 1103 1333 qubd
1127 1242 1160 1306 in
1180 1166 1231 1308 lis
1257 1243 1425 1338 pauciores

58 1323 123 1399 fine
170 1326 496 1426 orirttfipotiores
509 1327 628 1400 habent
641 1351 759 1427 poros,
804 1328 887 1403 lurer
904 1357 1038 1429 quoque
1056 1332 1174 1405 habent
1195 1337 1424 1431 partesqued

58 1418 120 1495 sub
139 1433 172 1445 ’“
194 1429 323 1498 meria
346 1426 423 1498 ferri
457 1423 584 1496 debent.
620 1455 659 1519 4.
699 1429 750 1494 An
771 1354 891 1499 subtilis
917 1430 973 1500 illa
996 1436 1128 1502 materia
1152 1431 1284 1501 eumad
1303 1452 1423 1502 terram

105 1529 230 1612 evenit,
248 1518 373 1593 sursum
395 1521 598 1594 relledliturt
655 1521 719 1591 uod
746 1519 880 1605 sudatur
902 1582 913 1612 ,
936 1551 1073 1622 corpora
1098 1530 1207 1621 gravia
1226 1551 1293 1596 non
1319 1531 1426 1601 minuc

60 1543 202 1710 lissum,
292 1645 326 1688 m
339 1614 484 1690 deorsum
498 1618 661 1717 pelluntur
676 1654 686 1708 3
704 1615 727 1688 si
743 1643 781 1689 ea
799 1643 867 1689 non
882 1618 977 1692 refilit
985 1677 997 1710 ‚
1015 1623 1094 1719 quid
1108 1620 1145 1693 fit
1161 1621 1199 1692 de
1212 1620 1305 1718 hujus
1316 1645 1424 1706 mateff

10 1752 12 1759 ·
60 1714 115 1784 n'ae
129 1743 204 1791 com
240 1743 266 1786 o
281 1719 688 1814 circaterramcongestot

96 1817 160 1885 His
172 1824 212 1889 &
224 1812 295 1886 aliis
306 1809 448 1883 breviter
459 1810 627 1912 respondet
644 1816 692 1886 Ι).
707 1818 875 1912 Varignon
888 1818 924 1889 in
944 1819 1065 1887 eximio
1079 1819 1217 1889 traslatu
1233 1821 1290 1913 qui
1308 1813 1424 1901 inscri-¹

58 1899 138 1981 bitur
151 1935 252 1983 nova:
274 1911 460 2003 conjedlurq
473 1914 557 1979 circa
569 1915 772 2007 gravitatem.
800 1935 826 1984 r.
858 1913 988 2010 Corpus
1007 1910 1098 1983 latius
1112 1937 1179 1983 non
1192 1918 1284 1984 citius
1296 1910 1424 1984 descen·

62 2001 139 2092 dere,
150 2033 255 2106 quam
274 1999 485 2102 sphericum,
502 2004 626 2078 tametsi
641 2012 743 2106 magis
762 2028 867 2104 pateat
887 2004 1009 2079 subtilis
1029 2013 1169 2080 materia
1192 2008 1308 2080 idlrbus
1321 2066 1332 2098 ,
1347 2034 1424 2082 nam

62 2103 159 2176 ninus
176 2101 315 2175 crassum
331 2101 400 2189 est,
417 2108 451 2175 dt
469 2103 574 2201 plures
596 2105 737 2175 admittit
764 2126 887 2176 meatus
908 2108 1120 2203 proportione
1141 2103 1264 2176 servata
1285 2165 1296 2196 ‚
1319 2107 1423 2203 quam

61 2192 246 2295 sphericum
269 2255 282 2286 ,
311 2200 401 2296 quod
432 2203 524 2271 citius
552 2205 661 2271 a‘e‘rem
686 2200 801 2271 dividit
825 2256 837 2287 ,
881 2224 981 2298 quam
1007 2197 1141 2299 planum
1179 2211 1221 2274 δι·
1247 2201 1421 2275 extensum.

62 2322 89 2368 ι.
105 2300 241 2369 Minora
261 2320 318 2368 cor
343 2320 400 2367 ota
415 2320 506 2395 aeque
521 2298 589 2366 cito
605 2290 848 2383 descenderent,
865 2321 904 2367 ac
925 2306 1070 2392 majora,
1089 2295 1146 2370 nili
1160 2300 1303 2372 medium
1321 2302 1424 2368 intet-

60 2393 178 2484 jtstum
194 2393 253 2466 illa
267 2323 429 2467 diffilcilius
443 2390 651 2490 pervaderent
669 2392 893 2464 &dividerent
917 2447 927 2475 ,
952 2392 1042 2488 quod
1061 2402 1164 2483 major
1186 2390 1224 2463 srt
1238 2419 1352 2464 corum
1368 2390 1424 2462 su-

57 2485 203 2651 perficies
213 2517 275 2590 pro
284 2491 379 2563 molis
391 2492 598 2584 rationeQ
612 2487 735 2585 reliqua
746 2509 955 2584 opponuntur
965 2486 1170 2557 commodius
1179 2484 1338 2559 diluentur
1347 2512 1423 2558 curn

71 2585 196 2680 yslema
216 2594 264 2661 D.
282 2591 447 2684 varignon
462 2590 671 2658 excutiemus.
705 2589 736 2652 Is
749 2584 881 2676 quidem
902 2581 924 2652 a
948 2578 1083 2653 Cartesri
1106 2578 1260 2653 sententia
1278 2583 1423 2669 recedit,

31 2736 34 2743 .
59 2687 96 2750 δι
121 2684 271 2780 quadam
290 2680 383 2755 affin
399 2678 543 2753 adversus
557 2678 640 2750 hanc
661 2679 705 2778 by
730 2677 865 2749 othesrm
888 2737 900 2769 ,
921 2705 993 2777 quae
1014 2678 1035 2748 l
1056 2676 1148 2750 nobis
1169 2675 1422 2777 fuit-expositu

56 2800 203 2880 quaque
223 2776 346 2850 filentio
359 2802 426 2850 non
441 2774 512 2848 sunt
525 2705 740 2874 praetereunda
756 2802 764 2845 :
790 2771 841 2845 sed
857 2776 896 2845 de
911 2775 959 2846 his
975 2771 1033 2843 suo
1051 2773 1139 2850 loco.

59 2881 138 3042 DX
150 2881 185 2947 Χ
196 2884 252 3043 V⁰¹
280 2875 379 2948 Circa
403 2872 669 2946 accelerationem
692 2875 838 2973 grauium
872 2871 1018 2973 quadam
1039 2867 1171 2966 subjecit
1203 2877 1421 2973 experimenta

91 3016 100 3035 v
128 2976 241 3044 freni(
253 2999 283 3049 e.
400 2992 405 2997 Ι

101 3065 255 3139 Medulla
269 3067 424 3141 Sambuci
439 3072 473 3141 in
488 3065 624 3168 globum
643 3088 769 3138 tornata
791 3125 802 3158 ,
837 3077 926 3164 cujus
945 3070 1098 3141 diameter
1127 3093 1197 3143 erat
1241 3091 1357 3141 uatuor
1380 3065 1420 3137 li·

55 3186 207 3252 mrum,
227 3165 300 3264 post
317 3195 361 3239 ιο
379 3167 497 3265 pedum
510 3159 646 3261 spatium
664 3187 867 3330 perapratum
879 3163 1028 3264 aequabili
1038 3095 1349 3239 velocitatelecurr.
1363 3167 1417 3238 Sic

55 3258 809 3452 ldlsssfrssllll‘lssldissidiis
834 3262 1418 3455 lldialiilssdllss‘ziglssl‘

52 3379 139 3523 ada
165 3452 269 3526 nabili
282 3480 378 3527 motu
393 3453 496 3528 delabi
518 3448 584 3522 visa
600 3453 656 3524 est.
698 3415 819 3546 Hujus,
828 3458 951 3552 generis
969 3457 1185 3549 experimenta
1202 3452 1272 3522 sunt
1294 3414 1420 3522 facien:

53 3547 93 3617 da
102 3481 229 3622 inloco
243 3548 354 3623 clauso
367 3561 401 3625 &
415 3559 460 3624 itt
474 3546 528 3619 dis
543 3544 626 3618 osto
644 3603 654 3632 ,
672 3568 707 3616 ut
721 3551 754 3621 in
767 3547 893 3620 diversis
906 3544 1094 3616 stationibus
1112 3549 1206 3618 liceat
1225 3543 1392 3615 con'fistere
1405 3601 1417 3633 ,

54 3650 139 3810 1311(thu
141 3645 293 3813 traplsrtus
312 3673 488 3748 corporum
505 3575 640 3717 ‹siscerni
662 3664 771 3740 queat.
800 3646 927 3717 Locum
951 3646 986 3711 in
1009 3665 1081 3710 eam
1104 3667 1172 3714 rem
1198 3639 1349 3737 selegerat
1378 3636 1415 3735 50'

139 3769 173 3813 m
217 3766 302 3818 tum.

53 3764 98 3841 1³⁶
111 3836 194 3908 Illud
215 3863 351 3938 quoque
370 3838 540 3913 abeodem
561 3843 632 3907 viro
646 3835 761 3913 clariss.
782 3835 986 3910 observatum
1012 3858 1149 3934 corpora
1166 3840 1265 3907 etiam
1294 3833 1417 3909 leviora

52 3934 115 4011 sub
128 3930 287 4008 desertus
306 3940 436 4007 initium
448 3961 514 4008 non
533 3933 655 4009 tarditls
668 3937 831 4023 decidere,
848 3933 949 4033 quirin
973 3935 1121 4030 graviora
1134 3957 1292 4032 quaque,
1333 3956 1417 4005 uan-

51 4029 132 4109 ulm
160 4028 277 4102 exrisu
301 4041 335 4106 dc
358 4036 468 4104 auditu
483 4034 572 4104 licuit
590 4036 772 4124 conjicere:
796 4057 863 4104 non
887 4035 975 4100 enim
1002 4031 1085 4098 inter
1103 4029 1229 4129 globuli
1256 3959 1416 4104 melulla-

55 4134 94 4203 ris
109 4135 210 4221 cujus
233 4133 428 4200 mentionem
451 4128 618 4215 fecimus,
643 4137 676 4201 δι
700 4127 842 4230 plumbei
867 4121 1007 4219 ejusdem
1030 4126 1124 4197 molis
1147 4121 1328 4197 descensum
1348 4125 1415 4195 dif-

10 4262 12 4309 ;
54 4222 230 4298 serentiam
242 4228 349 4326 potuit
360 4225 550 4313 advertere,
571 4249 646 4297 cum
663 4251 702 4296 ex
728 4249 818 4312 4aut
837 4253 853 4320 5
876 4222 995 4321 pedum
1008 4219 1176 4293 altitudine
1190 4221 1280 4296 sunus
1295 4224 1413 4292 demit-

56 4320 151 4396 rebat.

105 4424 240 4494 xvm.
274 4425 320 4493 Ex
337 4417 454 4519 quibus
472 4419 549 4491 illud
567 4412 739 4513 colligebat
763 4410 958 4486 celeritatem
974 4409 1137 4486 descensus
1157 4438 1223 4485 non
1238 4411 1360 4509 semper
1376 4438 1414 4485 ex

56 4518 200 4614 ponderis
212 4516 394 4614 augmento
405 4515 589 4613 sequi,nifi
614 4535 691 4583 cum
717 4516 796 4582 a'c'ris
826 4509 996 4583 resistentia
1024 4535 1152 4581 motum
1177 4513 1321 4609 corporis
1347 4532 1414 4577 non

50 4615 260 4707 ,reuocetur
275 4615 438 4702 retardat;
460 4612 554 4682 ausla
570 4613 657 4685 enim
680 4608 838 4678 celeritate
851 4607 986 4694 morde,
1009 4611 1062 4677 a'e'r
1092 4605 1181 4679 fimul
1202 4597 1248 4674 sui
1269 4599 1415 4674 divisioni

46 4702 173 4784 'obsistit
186 4767 197 4798 ,
212 4734 287 4806 quae
300 4705 470 4781 tesrslentia
484 4709 613 4777 tandem
633 4700 669 4773 fit
684 4699 856 4788 sensibilis,
882 4728 1017 4801 tumque
1032 4706 1119 4800 quod
1133 4703 1234 4772 levius
1247 4698 1290 4768 est
1314 4755 1324 4784 ,
1347 4718 1415 4766 tat·

63 4805 134 4897 dori
151 4828 261 4883 motu·
277 4807 396 4883 decidit
415 4859 426 4892 ,
444 4811 482 4880 ec
505 4825 620 4902 corpur
644 4803 776 4896 majoris
809 4801 958 4898 ponderis
979 4825 1017 4874 ex
1029 4801 1152 4875 'eadem
1177 4794 1343 4871 altitudine
1358 4794 1415 4870 dc.
