3646 5430
269 362 616 439 ACADEMIAE
668 364 997 441 HISTORIA.
1027 368 1143 451 [nt.
1355 374 1412 463 ¹17'

71 467 121 532 ritu
132 457 204 530 alis
218 465 337 532 excitat
353 465 520 558 3vegetior
533 467 688 553 majorem
702 466 913 557 agitationem
934 469 968 532 &
996 461 1083 558 quast
1101 461 1268 534 fremitum
1293 488 1406 562 quern-
1426 460 1512 550 Ht‘st.

70 559 131 625 darn
144 553 300 627 inducit:
327 549 378 626 sed
405 562 463 652 qui
482 551 652 648 sulphureo
671 566 705 628 δε
729 554 851 626 volatili
873 551 936 627 sale
958 554 1097 628 abundat
1123 614 1135 644 ,
1158 583 1220 629 una
1243 584 1316 632 curn
1340 561 1407 634 salis
1425 558 1540 642 ΛΜ,

66 647 166 748 spiritu
184 651 291 722 statim
312 645 500 743 effervescit.
522 649 617 721 Plura
627 654 660 720 in
672 649 756 722 hanc
775 674 843 721 rem
855 654 904 719 vir
923 648 1033 723 clariffi
1055 657 1088 722 in
1110 653 1240 724 laudato
1252 651 1407 753 opusculo

66 748 171 832 tradit,
187 744 313 842 nosque
325 752 358 818 in
393 770 459 818 arte
470 742 605 816 secunda
619 744 664 818 Ph
691 743 765 817 fitts
776 749 890 817 veteris
903 754 937 818 δι
950 771 1040 817 novae
1056 751 1149 821 traci.
1170 776 1198 836 3.
1214 774 1243 821 c.
1267 779 1292 843 5.
1315 776 1353 820 ex
1367 776 1407 822 eo

64 839 130 911 loco
154 840 314 911 nonnulla
334 773 521 933 suijecimus
543 864 613 936 quae
642 773 688 910 ai
706 836 859 939 analyfirn
882 839 1064 939 plantatum
1083 840 1251 941 spectant,
1273 869 1409 943 quaeque

63 958 140 1006 nunc
157 959 302 1006 retexere
315 936 581 1035 supervacaneum
596 934 693 1008 foret.

102 1037 178 1104 XI.
215 1036 299 1125 Quae
335 1038 419 1106 cirea
449 1035 531 1100 vitea
565 1029 745 1129 plantarum
780 1053 818 1100 ex
851 1033 965 1104 eodem
1001 1034 1144 1104 AuDore
1171 1035 1193 1106 a
1226 1034 1322 1105 nobis
1351 1057 1410 1106 ex.

65 1149 169 1224 terpta
190 1121 261 1196 sunt
282 1152 308 1198 c.
341 1142 373 1201 6.
392 1149 536 1222 regerere
552 1125 631 1195 nihil
647 1147 779 1220 quoque
801 1152 880 1225 opus
903 1129 948 1198 est
976 1155 985 1199 ε
1014 1151 1114 1199 unum
1135 1152 1260 1201 tantum
1284 1152 1338 1201 aut
1361 1131 1410 1201 al-

64 1243 170 1291 terum
184 1222 336 1296 monuiiie
348 1216 421 1293 saris
436 1218 542 1293 fuerit.
577 1226 721 1294 Primum
740 1225 780 1289 eo
801 1223 901 1295 tendit
912 1222 1093 1320 plantarum
1107 1222 1262 1322 analyfis,
1290 1245 1326 1293 ut
1351 1250 1410 1315 eas

65 1338 138 1384 rum
152 1320 233 1386 vires
251 1339 428 1413 utcumque
448 1320 592 1412 cognitas
612 1313 805 1408 habeamus3
828 1342 866 1387 ne
893 1342 933 1388 ue
952 1342 1060 1391 tamen
1082 1316 1158 1388 illud
1172 1345 1212 1391 ex
1234 1315 1298 1391 sola
1321 1311 1409 1390 reso-

66 1408 320 1510 lutionesperate
343 1414 439 1499 licet,
465 1432 540 1480 cum
560 1413 670 1482 eadem
689 1415 737 1482 vis
752 1435 818 1483 non
836 1344 908 1484 iniit
935 1413 1049 1510 plantae
1070 1417 1200 1509 integra
1223 1473 1234 1503 ,
1259 1439 1330 1511 quae
1358 1422 1409 1486 ei-

68 1503 185 1577 denin
207 1533 313 1608 partes
325 1506 488 1579 diffolutae.
512 1509 603 1577 Nam
623 1530 666 1575 eae
682 1510 764 1576 vires
780 1529 835 1577 aut
853 1506 1019 1579 facultates
1039 1529 1078 1577 ex
1100 1507 1254 1580 structura
1274 1517 1308 1580 δι
1327 1535 1409 1582 con·
1504 1510 1509 1527 ‘

67 1594 253 1699 figuratione
267 1609 427 1704 partium,
445 1609 480 1675 ὅ(
500 1625 539 1671 ex
564 1597 749 1676 mechanica
764 1625 874 1673 earum
893 1599 1094 1702 dispoiitione
1120 1627 1236 1700 magna
1260 1628 1299 1678 ex
1320 1627 1410 1703 parte

103 1699 214 1772 ndent.

66 1721 142 1867 pe2.
203 1800 236 1865 ui
256 1797 413 1892 praecipua
428 1817 533 1865 retunt
552 1797 705 1896 principia
724 1794 763 1865 ad
788 1796 916 1866 acidum
928 1805 961 1869 &
982 1794 1081 1867 airali
1101 1796 1264 1884 referunt,
1285 1802 1309 1867 ii
1325 1796 1411 1868 mul·

64 1913 89 1961 ta
104 1892 242 1987 quidem
266 1888 326 1960 suae
344 1893 504 1987 opinionis
516 1915 703 1989 argumenta
715 1916 752 1962 ex
767 1889 885 1986 analyfi
900 1890 1080 1990 plantarum
1100 1887 1227 1990 poffirnt
1243 1895 1282 1962 de
1305 1916 1412 1963 torne-

64 2013 101 2062 rt.
127 1990 225 2059 Nam
243 1985 309 2054 haec
328 1980 399 2056 sunt
415 1984 502 2057 velut
529 1986 594 2055 duo
621 2009 761 2057 extrema
793 2008 899 2056 rerum
930 1991 1031 2082 princi
1057 1991 1110 2076 ia,
1133 2010 1204 2084 quae
1231 1919 1312 2059 seit
1337 2011 1412 2058 tnu-

66 2106 118 2152 ruo
143 2083 320 2152 retundunt
346 2087 380 2152 δι
400 2104 609 2178 temperant3
637 2105 739 2178 eaque
762 2076 823 2151 effe
847 2077 1010 2182 utriusque
1031 2013 1285 2156 iamentationis
1306 2081 1412 2154 causas

66 2181 242 2273 principes,
267 2198 336 2246 turn
358 2185 425 2272 ejus
450 2201 520 2272 quae
533 2174 681 2247 naturalis
701 2176 745 2246 est
772 2233 783 2264 ,
809 2182 843 2246 δι
869 2176 909 2245 ad
933 2181 1149 2250 maturitatem
1175 2179 1277 2250 tendit
1304 2233 1317 2267 ,
1340 2199 1413 2248 turn

67 2277 160 2342 etiarn
183 2269 270 2341 illiue
282 2294 353 2366 quae
375 2277 411 2341 in
431 2275 670 2368 corruptionem
682 2269 817 2355 definit,
839 2294 905 2339 non
923 2269 1074 2343 abhorret
1089 2269 1304 2347 ivetofimili.
1338 2279 1413 2344 Imo

67 2361 123 2436 sale
147 2368 244 2436 acido
270 2364 421 2439 humores
444 2363 635 2462 coagulari,
661 2364 830 2462 sulphureo
853 2388 908 2435 ant
933 2363 1028 2434 alrali
1044 2365 1135 2435 fundi
1157 2367 1266 2436 multis
1286 2371 1414 2464 expeti-

68 2466 180 2531 mentis
194 2456 289 2558 supra
306 2461 507 2535 ostendimus.
530 2466 611 2558 Qae
628 2484 735 2533 tamen
750 2483 788 2529 ea
808 2464 956 2527 cautione
969 2480 1069 2551 quarn
1094 2465 1137 2528 D·
1171 2461 1300 2530 Dodart
1320 2461 1414 2529 adhi-

67 2551 119 2626 bet
139 2613 150 2642 ,
167 2550 244 2625 sttnt
258 2557 460 2653 accipienda:
484 2579 588 2652 neque
605 2562 691 2627 enim
716 2555 747 2623 id
770 2575 867 2623 omne
891 2552 979 2649 quod
1000 2547 1045 2621 sul
1069 2549 1205 2624 horeum
1228 2553 1273 2623 est
1299 2610 1311 2641 ,
1337 2575 1414 2655 currp

67 2655 188 2745 quovis
203 2650 296 2721 acido
315 2647 507 2722 consociatur
521 2687 531 2742 3
558 2659 591 2722 &
608 2651 753 2748 quadam
773 2645 939 2746 sulphurea
951 2578 1123 2745 coaguiant
1139 2705 1151 2736 ,
1166 2671 1202 2718 ut
1220 2649 1311 2718 acida
1326 2669 1413 2717 non-

68 2745 159 2814 nulla
184 2743 331 2814 humores
349 2747 483 2819 fundunt
507 2770 563 2818 aut
577 2745 836 2843 coagulationem
850 2764 960 2814 arcent
979 2777 989 2830 3
1010 2766 1116 2839 neque
1133 2745 1280 2815 omnium
1298 2739 1413 2815 acido-

69 2864 141 2908 rum
167 2864 224 2911 aut
247 2835 488 2939 sulphureorum
504 2842 615 2914 eadem
643 2841 688 2911 est
710 2863 853 2925 natura,
875 2832 927 2906 sed
950 2839 989 2908 de
1008 2840 1045 2908 iis
1068 2860 1192 2910 tanturn
1215 2873 1225 2928 i
1257 2837 1347 2934 plura
1377 2839 1414 2908 in

69 2932 148 3005 hanc
162 2959 232 3006 rem
246 2960 305 3004 nec
316 2935 440 3006 inutilia
454 2961 537 3022 ,nec
549 2935 719 3031 injucunda
737 2932 862 3027 subjicit
883 2935 929 3006 D.
946 2932 1097 3023 Dodatt3
1120 2930 1185 3004 nos
1202 2957 1241 3002 ue
1256 2927 1412 3003 nonnulla

69 3034 146 3098 eirca
170 3027 327 3127 analysrrn
349 3035 478 3101 &vires
500 3031 681 3127 plantarum
695 3028 772 3099 loco
785 3032 884 3098 citato
898 3026 1063 3100 attulimus
1081 3085 1093 3119 ,
1115 2959 1206 3100 timii
1227 3036 1261 3102 δι
1282 3033 1320 3101 iis
1339 3049 1411 3129 quae

71 3128 112 3225 D
125 3129 288 3202 Mariotte
300 3124 484 3231 opponebat
497 3181 510 3215 ,
524 3123 709 3229 respondere
725 3126 833 3197 conati
852 3117 969 3201 sumus.

73 3294 1418 3473 aaoaooanoonnataooeaaao

364 3582 688 3679 secrro
763 3579 1123 3679 onerata.
1268 3666 1270 3670 ι
1413 3682 1418 3697 ,

196 3820 270 3912 De
295 3811 484 3912 Hiiioria
501 3818 756 3915 aAnatomica
775 3807 1026 3959 quorumdam
1048 3769 1292 3907 animliunt.
1326 3766 1339 3887 Γ
1417 3892 1422 3901 .

76 4052 169 4221 H
190 4052 390 4120 Octriennio
406 4055 439 4117 &
453 4051 544 4118 annis
556 4042 765 4144 superioribus
775 4058 866 4133 1670,
877 4070 915 4116 ac
927 4069 962 4133 7¹
975 4042 1136 4130 animalia,
1146 4066 1285 4139 quorum
1296 4044 1414 4118 deseri*

187 4148 258 4242 prio
273 4148 368 4240 paulo
382 4144 452 4242 post
465 4147 550 4240 typis
564 4144 658 4237 regiis
669 4142 712 4210 est
724 4137 857 4218 extusa,
885 4137 1033 4209 omnibus
1050 4162 1160 4209 coram
1181 4139 1309 4211 affecta
1328 4139 1412 4227 sunt,

78 4240 97 4310 'a
120 4244 273 4311 Domino
293 4237 434 4312 Perrault
457 4243 596 4336 primurn
618 4233 799 4320 delineata,
820 4257 891 4304 tum
912 4257 1026 4302 eorum
1041 4231 1170 4306 historia
1185 4239 1365 4308 anatomia
1380 4239 1416 4309 itt

79 4362 144 4409 turn
157 4338 304 4410 ordinent
319 4340 377 4435 qui
393 4354 505 4423 extat,
526 4331 643 4431 digesta
656 4384 667 4421 ,
684 4338 716 4405 δι
733 4333 768 4403 in
784 4330 957 4402 Academia
969 4325 1118 4427 perlecta.
