3646 5430
23 477 28 487 ’
159 483 224 552 Au
239 509 275 555 u.
295 414 544 552 glaoservationes
557 389 760 573 suasll'clipcto1
761 375 1053 569 exAEposnltlildeld
1065 373 1165 544 lllileA.
1172 370 1316 541 stlidstuls
1316 464 1379 536 suit
1390 465 1462 578 post
1476 467 1644 541 Meridiein

158 580 253 672 1684.
294 575 372 644 hora
387 569 520 643 secunda
532 601 566 667 25
579 576 658 644 min.
674 599 718 664 24
731 567 792 641 sec.
812 572 956 637 Maxima
978 561 1159 637 obscuratio
1171 567 1237 663 dig.
1252 587 1288 651 7.
1301 587 1340 658 5⁰
1352 585 1432 636 min.
1458 593 1488 656 ι.
1510 561 1591 633 hora
1609 576 1641 656 36

293 673 371 738 min.
395 698 434 751 27
451 665 511 740 sec.
527 666 687 736 finishora
705 689 739 750 4,
760 693 799 753 43
820 665 900 733 min.
923 686 961 746 27
975 655 1102 734 secund.

342 761 594 835 Observationes
606 766 673 834 aP.
686 767 850 854 fontenay
866 752 1013 840 Parisiis,
1037 757 1117 826 aD.
1139 755 1181 824 du
1206 753 1287 824 Glos
1311 756 1344 823 in
1365 779 1461 852 portu
1480 759 1599 826 Gratias
1616 780 1641 830 r.

291 859 411 925 Havre
428 855 466 921 de
482 859 582 922 Gracc
597 853 689 926 fast:
704 878 778 923 cum
789 851 837 920 liis
851 846 1124 920 observationibus
1134 848 1281 947 apprimd
1295 873 1526 923 convenerunt.

347 961 377 1025 V
391 961 404 1023 l
420 958 446 1026 1.
472 957 535 1024 Die
550 981 565 1048 5
589 951 721 1046 Augusti
744 953 789 1016 D.
808 943 926 1017 Callini
942 969 1013 1053 quse
1028 941 1087 1015 sint
1098 947 1179 1015 inter
1194 943 1321 1039 aliquot
1335 949 1537 1016 Meridiatios
1556 943 1639 1016 diffi.

291 1052 400 1121 rentiae
416 1075 453 1119 ex
465 1053 502 1118 iis
517 1072 587 1143 quae
600 1045 639 1114 ad
654 1068 728 1115 euin
743 1039 839 1112 mislae
851 1041 922 1110 sunt
936 1044 1030 1109 variis
1046 1065 1084 1110 ex
1107 1039 1185 1110 locis
1204 1037 1479 1110 observationibus
1496 1040 1638 1138 collegit,

291 1147 389 1236 idque
410 1154 497 1235 juxta
519 1139 710 1211 methodum
721 1139 802 1208 alids
815 1131 990 1232 expostam
1012 1135 1199 1230 projiciendi
1216 1157 1332 1204 tetram
1354 1140 1387 1203 in
1404 1134 1520 1211 orbern
1535 1138 1641 1223 Lunae,

294 1238 351 1308 ubi
366 1237 458 1310 fastu
472 1238 596 1309 fuerant
610 1230 867 1314 observationes,
884 1254 959 1300 curn
995 1235 1135 1327 raecipuae
1155 1225 1295 1327 phasesd
1312 1227 1438 1300 diversis
1453 1230 1641 1302 Astronotuis

297 1330 368 1401 sunt
380 1332 544 1422 observate
564 1331 672 1401 :unde
682 1352 792 1399 earum
812 1321 927 1424 positio
940 1254 992 1395 ad
992 1324 1103 1395 Solem
1116 1335 1149 1399 dc
1165 1329 1312 1414 Lunam,
1326 1333 1361 1398 &
1376 1330 1460 1396 inter
1473 1321 1642 1396 seinvicem

299 1420 481 1502 innotescit.

352 1529 392 1594 Et
410 1526 541 1619 quidem
560 1525 644 1592 intra
668 1547 699 1617 ¹5
714 1521 781 1590 dies
809 1521 906 1589 Lunae
923 1541 987 1588 una
1011 1572 1021 1601 ,
1044 1516 1127 1586 Solis
1144 1515 1243 1589 altera
1271 1515 1392 1614 eclipsis
1414 1514 1487 1589 sunt
1505 1512 1643 1588 observa·

300 1638 340 1688 tae
362 1674 373 1704 ,
399 1619 488 1714 quod
511 1621 551 1689 ad
574 1615 809 1688 confirmandas
834 1615 1072 1685 Astronotnicas
1099 1609 1289 1709 hypotheses
1314 1618 1481 1710 permagni
1501 1612 1563 1685 suit
1580 1638 1644 1683 tuo·

302 1720 414 1786 menti.
438 1712 566 1814 Eclipsis
579 1715 675 1784 Lunae
688 1712 738 1781 die
762 1737 808 1802 ²7
823 1712 915 1809 Junii
930 1710 1066 1803 contigit
1086 1708 1166 1777 hora
1187 1711 1209 1778 a
1235 1707 1339 1778 media
1356 1710 1455 1780 noste
1473 1739 1503 1784 ι.
1521 1731 1560 1803 ²5
1578 1713 1646 1778 min·

305 1832 345 1896 30
370 1804 430 1881 sec.

358 1909 439 1974 Duae
461 1901 522 1974 illae
549 1901 677 2001 sclipies
696 1926 767 1977 turn
792 1904 1001 1981 acciderunt,
1026 1925 1100 1970 cuin
1126 1904 1215 1972 Luna
1239 1900 1314 1973 esset
1335 1904 1484 1999 proxima
1505 1903 1646 1975 modiaed

304 1998 575 2072 tetradillantiae:
602 2009 640 2071 In
660 2003 759 2097 priori
781 1995 887 2094 eclipsi
906 1996 1011 2067 versus
1032 2002 1224 2093 Apogcuui,
1248 2002 1280 2065 in
1301 1998 1471 2094 posteriori
1486 1995 1649 2074 versusl‘e·

305 2100 437 2190 rigaeum
454 2094 615 2190 vergebat.
635 2103 721 2165 Inter
736 2118 906 2186 utramque
925 2088 1172 2162 semicirculum
1188 2097 1365 2187 peragravit
1377 2089 1599 2190 superiorem,
1622 2099 1652 2166 in

307 2213 376 2282 quo
401 2187 531 2286 longiils
562 2193 582 2259 d
616 2212 698 2260 terta
728 2211 943 2271 removetur,
974 2195 1007 2257 dc
1041 2183 1161 2256 turditls
1190 2188 1319 2259 incedit.
1380 2189 1471 2260 Cum
1501 2193 1591 2260 enim
1617 2217 1652 2279 ²9

307 2285 421 2353 diesis
437 2266 605 2382 noran}
630 2281 667 2370 sit
687 2281 802 2354 menfis
826 2284 981 2375 Synodici
1002 2275 1055 2350 seu
1082 2282 1178 2351 medii
1203 2305 1269 2350 tem
1294 2287 1357 2353 oris
1380 2278 1519 2378 spatium
1546 2340 1558 2370 ,
1595 2311 1655 2384 quo

306 2378 346 2450 ad
361 2375 470 2448 Solem
487 2383 566 2451 redit
588 2385 701 2464 Luna,
720 2406 760 2470 ¹4
773 2375 901 2449 tanttlm
914 2381 977 2445 dies
990 2434 1000 2464 ,
1014 2382 1047 2449 18
1068 2375 1185 2462 horas,
1209 2385 1243 2447 de
1267 2309 1314 2447 lli
1338 2376 1404 2448 sete
1421 2384 1549 2451 minuta
1571 2386 1654 2452 iuter·

308 2475 419 2543 cedere
432 2479 578 2570 oportuit
591 2480 672 2546 inter
686 2497 855 2568 utramque
866 2468 1020 2567 eclipsim.
1047 2472 1241 2564 Qindecim
1263 2494 1372 2543 tamen
1391 2474 1485 2561 dies,
1514 2501 1549 2564 ¹3
1577 2475 1651 2546 hotae

309 2576 343 2640 &
373 2568 781 2670 ginserfueruntsadcout
800 2592 891 2638 verus
910 2590 1016 2637 motus
1032 2596 1073 2639 io
1098 2565 1183 2636 horis
1205 2576 1237 2637 δι
1264 2581 1287 2626 L
1318 2569 1427 2637 medio
1453 2572 1574 2641 tardior
1593 2570 1655 2642 sue·

309 2669 362 2735 rit.
433 2665 495 2733 uod
510 2689 583 2735 cuni
593 2663 708 2736 tabulis
721 2665 954 2733 Astronomieis
968 2663 1091 2758 optimi
1106 2667 1256 2732 convenit
1266 2649 1297 2734 ⁴:
1323 2688 1361 2732 ac
1375 2664 1525 2763 deinceps
1538 2668 1581 2738 ad
1603 2667 1657 2737 du.

310 2757 428 2855 plicem
448 2757 537 2828 illarii
552 2755 693 2854 eclipsim
708 2762 810 2851 prima
824 2757 881 2827 illa
894 2757 1089 2849 inequalitas
1099 2762 1158 2826 erit
1169 2759 1335 2853 exigenda.

359 2861 389 2922 V
405 2856 482 2924 111.
506 2859 551 2925 Ex
571 2855 654 2924 Solis
668 2850 783 2949 Eclipsi
804 2878 874 2947 quae
895 2879 928 2924 li.
942 2849 1023 2946 Julii
1036 2853 1176 2938 accidit,
1193 2852 1394 2926 occasionem
1410 2860 1490 2953 cepit
1512 2862 1556 2929 D.
1576 2854 1655 2927 Cas·

311 2945 369 3016 fini
390 2947 430 3016 de
455 2948 614 3018 Solarium
636 2944 795 3045 eclipseon
818 2951 1021 3045 praedidlione
1049 2944 1204 3018 disserere.
1238 2951 1319 3019 Haec
1344 2974 1396 3022 tot
1419 2974 1521 3023 retum
1541 2949 1659 3024 diffici-

314 3041 395 3112 lium
409 3046 558 3113 notitiam
571 3048 694 3141 exigit,
716 3066 751 3114 ut
764 3048 882 3114 mirum
901 3067 968 3114 non
990 3039 1049 3128 sit,
1071 3039 1093 3111 si
1116 3047 1269 3138 temporis
1294 3068 1501 3117 momentum
1523 3074 1591 3144 quo
1609 3045 1660 3119 su·

312 3158 384 3206 tuta
396 3137 440 3205 est
459 3136 581 3234 eclipsis
598 3194 609 3224 ,
633 3161 688 3208 aut
701 3132 837 3232 spatium
866 3165 934 3235 quo
964 3137 1112 3208 duratura
1127 3194 1137 3223 ,
1152 3160 1207 3207 aut
1234 3135 1318 3210 illius
1334 3143 1527 3238 magnitudo
1542 3150 1594 3214 vix
1609 3143 1659 3214 de·

313 3228 396 3300 siniti
414 3253 518 3324 queat.
545 3239 618 3302 lmo
641 3232 719 3301 illud
739 3233 783 3301 est
801 3233 955 3302 miraculo
976 3239 1159 3327 proximum
1181 3255 1248 3301 tam
1268 3258 1336 3304 rata
1350 3237 1574 3310 l'hoenomeua
1588 3297 1599 3327 ,
1614 3260 1660 3311 tot

313 3324 543 3396 circunstaiitiis
557 3326 702 3398 involuta
726 3327 807 3396 adeo
825 3328 972 3398 accurati
994 3330 1206 3423 praenuntiati.
1236 3329 1370 3401 Annuus
1392 3353 1484 3402 ierrae
1510 3357 1566 3406 aut
1584 3331 1661 3407 Solis

313 3441 446 3507 motus,
464 3423 561 3491 Luna
577 3443 647 3493 tum
662 3427 700 3491 'in
718 3422 973 3518 longitudinem,
996 3446 1066 3491 tuin
1087 3426 1119 3492 iu
1149 3421 1350 3494 latitudinem
1372 3451 1480 3498 motus
1505 3428 1657 3518 anomaln

314 3514 422 3601 Solis,
441 3538 529 3587 terrae
543 3525 577 3589 dc
590 3520 687 3587 Lunae
712 3516 943 3613 magnitudines
956 3522 1037 3588 inter
1058 3512 1088 3586 se
1109 3516 1227 3603 collate
1243 3573 1254 3603 ,
1274 3527 1307 3590 di
1332 3522 1477 3611 distantis
1497 3549 1570 3620 quae
1587 3547 1657 3598 coti·

314 3615 451 3682 tinenter
473 3635 636 3683 mutantur
662 3669 672 3698 ,
702 3634 838 3708 quaeque
864 3616 897 3682 in
915 3614 1076 3683 diametris
1090 3609 1160 3681 vifis
1185 3636 1337 3709 magnam
1356 3617 1513 3690 inducunt
1538 3625 1659 3692 varieta-

314 3726 407 3775 tem:
428 3703 474 3775 his
489 3703 568 3776 adde
588 3704 772 3803 aspestuum
786 3704 998 3778 diversitatem
1014 3712 1047 3777 iii
1059 3703 1183 3778 diversis
1194 3731 1282 3778 teirae
1292 3710 1394 3783 locis:
1412 3709 1498 3804 hec,
1515 3721 1654 3814 inquam,

315 3796 388 3868 satis
403 3799 581 3894 implicatas
594 3803 678 3871 Solis
690 3802 819 3899 eclipses
831 3799 985 3874 efficiunt.

369 3894 431 3961 Sed
451 3899 484 3962 in
511 3893 625 3988 Eclipsi
650 3898 732 3967 Solis
755 3919 866 3990 praeter
891 3897 957 3966 iiaec
981 3900 1090 3970 omnia
1119 3900 1221 3973 adhuc
1246 3902 1412 3975 necessaria
1438 3907 1483 3976 est
1514 3906 1655 4006 exquifiu

319 3985 529 4083 Geograpliiae
556 3994 671 4059 notitia
703 4001 737 4063 ὅ(
779 3989 876 4087 longe
908 4003 1010 4086 maior
1044 4005 1145 4087 qudrn
1179 4024 1250 4092 quae
1282 3997 1378 4070 facile
1410 3995 1529 4097 sperati
1563 3999 1652 4101 poffit

318 4087 410 4156 Natu
442 4081 591 4152 locorum
621 4085 660 4152 ad
690 4111 754 4181 quq
785 4084 950 4182 Belipseon
977 4085 1085 4185 phases
1104 4093 1306 4181 reseruntur,
1333 4097 1551 4191 longitudines
1569 4106 1603 4179 ὅ(
1621 4098 1653 4167 Ιι·

318 4177 467 4248 titudines
490 4201 573 4248 notae
592 4177 652 4248 elle
676 4180 792 4253 debent
817 4237 826 4261 ,
855 4192 888 4254 ἀ
914 4206 1027 4255 eorum
1058 4191 1198 4257 maxime
1232 4190 1407 4284 inquibus
1438 4191 1601 4263 dubitatur
1622 4216 1652 4261 iu

317 4272 427 4343 tolalis
445 4270 552 4341 fututa
574 4271 610 4342 fit
626 4273 761 4374 eclipsis.
802 4279 901 4384 Qud
925 4274 946 4345 si
969 4282 1017 4350 vel
1035 4286 1168 4366 unius,
1196 4308 1251 4354 aut
1278 4285 1404 4356 alterius
1436 4291 1554 4358 minuti
1580 4309 1651 4358 ertoi

319 4371 404 4436 circa
438 4367 503 4436 loci
527 4365 727 4442 latitudinem
758 4377 915 4469 irrepserit
942 4432 952 4462 ,
1000 4381 1025 4448 is
1055 4375 1193 4447 obstabit
1225 4385 1397 4474 quominus
1431 4381 1477 4451 ibi
1505 4382 1596 4479 plena
1626 4377 1652 4450 st

319 4461 402 4533 Solis
421 4459 572 4539 defessio.
619 4469 672 4537 Sic
685 4471 718 4538 in
736 4466 968 4540 Observatorio
989 4469 1111 4571 eclipfis
1132 4470 1216 4543 Solis
1240 4473 1347 4545 totalis
1373 4475 1435 4546 elle
1453 4479 1578 4574 potest,
1601 4499 1654 4548 nou

320 4561 399 4645 item
435 4562 469 4627 in
501 4581 614 4629 monte
647 4564 831 4661 Martyrum
858 4595 866 4634 s
900 4565 981 4636 adeo
1010 4592 1045 4637 ut
1076 4565 1185 4640 mintls
1217 4566 1445 4668 circumsptdld
1480 4577 1553 4669 quis
1581 4595 1653 4645 tots·

321 4650 386 4727 lein
409 4652 481 4726 fore
509 4659 602 4726 certis
624 4659 657 4725 in
680 4656 761 4728 locis
798 4658 944 4730 Solarem
976 4660 1117 4759 eclipsim
1143 4668 1342 4759 praenuutiet.
1387 4670 1504 4737 Tutius
1527 4670 1566 4739 de
1591 4675 1655 4742 Pro·

322 4751 429 4836 ,vincia
446 4773 502 4845 ¹aut
521 4774 650 4855 regno,
669 4756 704 4825 in
723 4780 793 4852 quo
814 4753 872 4829 Sol
888 4760 979 4828 omni
1000 4780 1041 4831 ex
1052 4782 1144 4858 parte
1155 4758 1278 4834 deficiet
1291 4815 1303 4848 ,
1316 4766 1545 4861 pronuntiatur
1568 4760 1656 4865 qdo-

1623 4854 1654 4948 l·
