3646 5430
267 394 326 463 ¹²4
588 361 789 433 REGIAE
828 350 1286 433 SClENTIARUM

135 469 247 546 ΛΗ,
264 444 324 538 [fiis
355 462 459 542 caude
486 467 522 536 ει
550 458 674 535 alarum
706 459 852 527 maxima
874 450 1111 536 cernebantur,
1135 456 1170 523 dc
1200 445 1389 547 plerumque
1407 448 1500 523 albae.
1544 453 1616 524 Mi·

135 581 226 655 ¹572·
264 588 356 634 „0105
386 582 424 637 ex
450 555 530 630 albis
555 548 717 650 nigrisque
748 550 902 646 permista
930 543 1060 620 dorsum
1094 554 1130 621 dc
1163 566 1310 616 ventrem
1335 545 1536 622 muniebant.
1578 548 1614 618 ld

134 666 169 733 δι
189 688 236 762 73,
263 662 386 729 veroin
404 652 591 725 struthione
611 648 655 719 est
675 647 852 745 peculiare,
866 642 958 742 quod
979 641 1060 738 pene
1077 665 1189 712 ornnes
1204 636 1273 710 sunt
1294 639 1486 716 uniusmodi.
1524 648 1615 719 Nam

259 761 292 827 in
306 753 377 824 aliis
390 748 502 823 avibus
517 748 586 819 aliae
598 741 670 816 sunt
690 740 802 813 molles
822 743 915 812 instar
932 738 1088 834 lanuginis
1111 793 1122 822 ,
1142 735 1209 811 aliae
1232 735 1315 810 durae
1339 745 1370 813 be
1391 737 1490 813 firniae
1512 766 1522 812 e
1552 739 1613 813 illae

259 844 405 928 adversus
433 869 523 940 aque
551 853 584 916 δι
609 845 689 910 ιιέιὶε
712 841 840 930 injurias
858 833 969 907 sunta
995 855 1113 904 naturae
1134 827 1285 904 concelsae
1312 831 1389 922 ,bae
1410 835 1448 905 ad
1469 836 1614 920 volatum

258 965 462 1039 comparate.
493 941 583 1037 Saepd
598 942 631 1005 in
656 937 761 1005 radice
782 928 852 1002 sunt
868 930 1054 1015 molliores,
1070 926 1174 999 versus
1199 949 1340 1002 extrema
1356 928 1455 1002 firmat
1471 940 1505 1004 δι
1517 928 1610 1030 squa.

257 1037 352 1110 mose
369 1043 411 1107 ita
425 1041 505 1106 inter
516 1031 546 1105 se
562 1028 736 1130 disposita,
751 1052 786 1098 ut
802 1030 942 1098 duriores
964 1049 1034 1119 quae
1050 1023 1120 1095 sunr
1136 1030 1167 1094 in
1181 1035 1330 1098 extremis
1347 1049 1376 1096 re
1401 1050 1456 1098 ant
1477 1028 1607 1102 aliarum

256 1123 1038 1229 lanuginem,exquavelutpellicularumrestura
1053 1118 1371 1224 qucdamvillosape
1399 1127 1404 1137 '
1435 1125 1606 1197 ssorum

260 1227 410 1304 efficitur.
849 1245 876 1282 ⁴¹

302 1331 362 1397 111,
392 1331 429 1397 In
451 1325 638 1397 struthione
660 1317 775 1416 pluma
795 1339 906 1391 omnes
919 1314 989 1386 sunt
1005 1312 1119 1384 molles
1138 1319 1173 1384 δι
1196 1334 1310 1384 tenerae
1332 1318 1365 1387 in
1386 1338 1497 1389 tenues
1522 1315 1612 1393 villos

256 1421 392 1505 didudla:
411 1449 419 1492 :
440 1423 522 1493 adeo
536 1443 570 1490 ut
585 1413 753 1489 &volatui
776 1409 835 1482 fiut
847 1406 971 1507 prorsus
983 1408 1109 1480 inutiles
1128 1465 1139 1495 ,
1161 1432 1266 1505 neque
1284 1409 1326 1480 ab
1341 1418 1476 1484 externis
1492 1419 1612 1506 injuriis

256 1510 329 1587 liris
342 1539 395 1586 eos
408 1538 567 1593 tueantur.
604 1511 686 1583 lllud
706 1532 840 1606 quoque
860 1511 894 1575 in
915 1503 1089 1602 majoribus
1107 1504 1230 1578 alarum
1251 1512 1361 1670 pennis
1385 1503 1610 1601 observatum,

258 1612 349 1707 quod
362 1611 502 1684 calamus
517 1635 573 1708 per
589 1608 731 1679 medium
745 1629 855 1677 earum
867 1602 1060 1698 producatur
1075 1657 1085 1686 ,
1099 1628 1176 1671 curn
1193 1605 1253 1670 ina
1267 1605 1367 1673 iarum
1381 1607 1487 1677 avium
1499 1615 1610 1701 pennis

256 1703 409 1804 plumu'ae
425 1706 567 1778 laterales
590 1727 660 1799 quae
681 1697 785 1771 barbae
800 1704 1006 1785 vocitantur,
1024 1694 1187 1796 longiores
1202 1695 1261 1768 srnt
1280 1723 1319 1775 ex
1331 1725 1392 1772 una
1405 1723 1492 1797 parte
1503 1705 1608 1775 caudi·

258 1805 303 1880 cis
316 1825 370 1877 aut
381 1807 507 1890 trunci,
526 1800 689 1873 breviores
706 1819 747 1868 ex
761 1795 870 1868 altera.

307 1900 428 1968 Avium
441 1902 528 1968 enim
548 1920 657 1995 pennae
671 1917 708 1965 ex
725 1889 847 1988 duplici
856 1891 1007 1966 ‚constant
1044 1913 1136 1978 arte,
1158 1916 1196 1962 ex
1209 1895 1338 1965 caudice
1359 1893 1530 1983 nimimm,
1551 1902 1606 1990 qui

257 1988 416 2089 usquead
435 2016 614 2065 extremum
632 1983 743 2060 senfim
759 1991 933 2071 minuitur,
957 1917 1158 2083 &plumulis
1180 1994 1342 2086 utrimque
1362 1985 1437 2058 huic
1459 1998 1606 2080 annexis,

259 2113 397 2185 quaque
412 2113 521 2186 pennae
536 2084 629 2186 ipsius
639 2082 841 2155 latitudinem
859 2075 1016 2154 efficiunt.
1042 2081 1101 2152 Pili
1119 2108 1157 2153 ex
1177 2081 1293 2179 quibus
1318 2081 1462 2181 plumula
1478 2111 1607 2182 quaque

259 2188 461 2269 contexitur,
480 2182 567 2278 plani
588 2178 681 2266 sunt,
695 2186 730 2249 δι
750 2175 895 2273 inplano
909 2173 938 2247 se
955 2172 987 2246 sc
1010 2201 1167 2275 tangunt,
1191 2205 1226 2251 ut
1241 2179 1366 2253 facilius
1386 2176 1472 2250 flecti
1497 2179 1606 2278 poffint

258 2287 293 2351 &
312 2280 428 2350 arctius
447 2275 503 2348 srbi
516 2300 631 2365 mutuo
648 2281 903 2369 coniungantur,
923 2297 1029 2366 neque
1042 2276 1075 2341 in
1111 2298 1212 2346 artem
1236 2273 1416 2374 oppositam
1431 2274 1607 2357 destruant.

258 2379 350 2446 Hinc
364 2382 582 2472 majorpenne
600 2369 744 2445 firmitas.
778 2371 829 2442 Ac
844 2393 885 2439 ne
909 2367 1005 2440 facile
1028 2369 1049 2440 ὲ
1074 2301 1241 2443 ldmutuo
1263 2369 1452 2442 divellantur
1478 2426 1490 2458 ,
1513 2397 1606 2470 utque

256 2467 382 2540 divulse
394 2470 499 2541 statim
515 2468 695 2540 cohereant
713 2522 724 2554 ,
744 2461 871 2562 fingulae
891 2464 1041 2561 plumulae
1062 2465 1604 2559 utrirnqueliliscontortis&seria.

256 2569 317 2637 tim
332 2561 487 2663 dispositis
505 2571 703 2639 muniuntur.
741 2564 832 2633 Nam
843 2583 880 2632 ea
892 2559 1053 2633 filamenra
1066 2558 1154 2631 velut
1172 2561 1258 2633 hami
1270 2563 1400 2658 quidam
1415 2565 1448 2629 in
1461 2587 1521 2634 una
1533 2559 1604 2639 serie

254 2658 408 2731 deorstlm
425 2662 592 2754 paululum
606 2665 752 2741 intorta,
771 2679 874 2751 eaque
886 2680 961 2725 cum
975 2651 1051 2726 serie
1064 2660 1226 2727 vicinioris
1240 2655 1389 2757 plumulae
1412 2660 1427 2743 ,'
1448 2667 1535 2752 cujus
1555 2659 1605 2735 fila

254 2751 374 2827 fitrsum
388 2753 584 2854 crispantur,
596 2752 685 2822 ultrei
700 2750 871 2824 cobaerenr.
894 2753 995 2843 Qud
1008 2752 1139 2846 quidem
1158 2777 1277 2823 naturae
1294 2749 1465 2823 artificium
1479 2810 1490 2839 ,
1504 2763 1606 2828 omnis

254 2850 336 2918 adeo
352 2872 527 2947 pennarum
542 2848 697 2918 struslura
719 2903 729 2933 ,
751 2869 888 2942 quaeque
909 2847 949 2917 ad
967 2847 1113 2918 volatum
1133 2852 1242 2918 avium
1260 2854 1418 2947 pertinent
1439 2845 1532 2925 fufius
1546 2878 1603 2925 ex·

253 2941 414 3040 plicantur
425 2953 457 3017 &
471 2943 579 3041 figuris
598 2947 819 3039 exprimuntur
835 2946 868 3013 in
887 2938 1097 3039 descriptione
1112 2941 1308 3018 stmtbionis.

306 3042 374 3110 lv.
414 3045 493 3110 Haec
511 3036 665 3110 mirabilis
684 3062 862 3138 pennarum
880 3037 1024 3125 fabrica,
1046 3063 1117 3134 quae
1132 3040 1353 3138 Microscopio
1371 3039 1496 3113 facilius
1514 3039 1604 3114 cons·

252 3136 392 3230 picitur,
420 3134 587 3233 proposito
605 3157 717 3226 nature
741 3129 797 3204 fini
820 3161 918 3231 quam
944 3159 961 3202 a
986 3133 1102 3205 tiffime
1123 3132 1177 3206 tes
1192 3136 1300 3210 ondet.
1355 3137 1441 3208 Cum
1464 3145 1550 3209 enim
1574 3145 1604 3211 ri

253 3228 392 3323 quadam
405 3237 560 3306 exteriore
575 3228 667 3302 filum
683 3254 783 3301 unum
796 3229 838 3301 ab
849 3231 952 3300 altero
964 3161 1142 3320 lauretum
1160 3162 1220 3300 ibit
1235 3289 1246 3318 ,
1262 3231 1439 3304 incredibili
1458 3232 1604 3307 facilitate

252 3347 328 3394 cum
342 3349 383 3396 eo
400 3328 501 3398 redit:
524 3326 613 3422 quod
627 3351 699 3397 aves
718 3319 799 3426 ipsas
818 3351 884 3396 non
905 3323 1008 3419 fugit,
1023 3349 1093 3420 quae
1106 3324 1270 3399 dillociata
1290 3326 1344 3399 fila
1361 3331 1453 3400 rostri
1469 3335 1559 3428 apice
1574 3337 1603 3404 iu

251 3421 401 3493 ordinem
415 3446 490 3493 com
515 3443 640 3508 onunt,
654 3446 692 3492 ea
718 3445 757 3492 ue
771 3417 891 3492 divulsa
907 3421 1086 3492 restituunt.

297 3519 388 3591 Nam
401 3521 441 3590 ad
453 3450 599 3590 volatum
613 3518 678 3589 duo
691 3447 761 3588 liant
774 3519 820 3586 im
846 3521 934 3589 rimis
951 3512 1141 3604 necessaria,
1157 3523 1297 3615 primurn
1316 3543 1351 3592 ut
1361 3527 1415 3591 air
1430 3547 1604 3623 pennarum

248 3611 442 3712 pereuffioni
481 3613 633 3686 lurimum
653 3610 768 3685 refistat
783 3647 794 3703 3
807 3544 943 3686 alterum
958 3635 993 3683 ut
1007 3607 1133 3683 sublatis
1153 3613 1210 3684 alis
1232 3640 1331 3712 quam
1347 3622 1521 3691 minimum
1536 3616 1605 3692 obs-

251 3730 309 3781 tet.
339 3640 531 3782 Cavendum
550 3713 636 3782 enim
652 3707 768 3781 fuitne
793 3709 931 3808 idipsum
955 3709 1043 3804 quod
1060 3707 1257 3804 deprellrone
1285 3709 1407 3782 alarum
1441 3714 1606 3810 quaesrrum

249 3802 292 3871 ab
307 3806 344 3871 iis
360 3804 440 3890 fuit,
457 3813 567 3903 pennis
579 3808 691 3877 erectis
709 3806 816 3876 statim
829 3810 1023 3877 amitterent.
1060 3803 1285 3899 Quamobrem
1309 3832 1419 3905 pennae
1439 3813 1474 3880 in
1492 3811 1545 3884 ala
1564 3815 1607 3882 ita

248 3891 322 3971 sunt
341 3894 513 3995 dispositae,
528 3924 564 3974 ut
578 3923 616 3969 ea
627 3897 767 3995 depressa
780 3899 874 3971 latior
889 3897 969 3985 fiat,
997 3907 1031 3970 δι
1047 3924 1198 3994 magnam
1213 3906 1292 3972 a'e'ris
1308 3902 1430 3974 molem
1449 3901 1603 3980 irerberer.

248 3991 312 4059 Sed
326 3986 379 4058 ubi
393 3992 442 4062 ala
456 4000 608 4091 erigitur,
636 4018 747 4092 pennae
760 3995 1017 4083 contrahuntur,
1033 3999 1077 4068 ita
1098 4017 1133 4064 ut
1155 3991 1281 4092 fingulae
1300 4021 1390 4095 parte
1411 3995 1457 4070 sui
1476 4003 1606 4076 dimidia

247 4088 425 4154 vicinarum
438 4091 605 4159 dimidiam
617 4113 684 4184 quo
711 4114 749 4160 ue
766 4088 968 4162 latitudinem
980 4111 1226 4189 reganr,neque
1249 4092 1388 4189 amplius
1408 4094 1447 4164 ad
1466 4096 1606 4170 libellam

247 4185 282 4250 dc
296 4178 382 4276 quasr
399 4180 562 4255 horizonti
576 4114 731 4280 parallelae
747 4193 873 4279 jaceant
892 4243 903 4274 ,
928 4182 980 4255 sed
1011 4187 1092 4280 pene
1111 4187 1275 4258 verticales
1289 4194 1362 4259 a'c'ra
1376 4185 1482 4262 secent
1502 4249 1513 4280 ,
1551 4199 1604 4291 qui

246 4274 368 4344 idcirco
382 4280 486 4346 minus
501 4276 629 4351 resistit:
643 4303 677 4350 ut
693 4285 772 4351 remi
784 4281 862 4353 dum
875 4281 1089 4367 reducuntur,
1111 4277 1198 4377 quast
1211 4280 1313 4353 caesrm
1325 4308 1446 4379 aquam
1461 4286 1601 4370 feriunt,

246 4391 353 4463 neque
375 4375 412 4440 iis
434 4397 518 4467 aqua
533 4377 613 4445 adeo
626 4373 757 4450 obfistit.
791 4379 884 4450 Adde
902 4377 980 4447 illud
997 4401 1130 4473 quoque
1153 4385 1289 4469 majores
1313 4378 1369 4448 alae
1396 4404 1603 4479 pennasque

244 4459 351 4534 versus
371 4489 512 4537 extrema
537 4467 599 4540 srtae
625 4469 718 4559 suut,
744 4494 816 4543 tum
829 4472 959 4560 evolvi,
980 4496 1054 4544 cum
1066 4477 1140 4544 a‘e‘ra
1154 4471 1346 4562 verberant,
1374 4500 1410 4548 ιιι
1433 4480 1468 4549 io
1490 4482 1606 4552 arstius

244 4548 380 4652 spatium
393 4568 762 4661 comprimuntur‚cum
775 4568 825 4639 ala
840 4572 985 4669 erigitur.
1453 4654 1454 4659 ἵ

265 4743 271 4757 .
292 4660 336 4725 V.
357 4657 419 4727 Sed
440 4681 474 4730 ιιι
487 4683 528 4730 eo
540 4683 759 4753 revertamur,
782 4667 866 4736 unde
879 4668 1020 4735 narratio
1037 4666 1145 4736 nostra
1160 4666 1287 4739 deflexit
1306 4726 1317 4757 ,
1337 4675 1371 4739 δι
1395 4690 1500 4765 partes
1520 4670 1603 4743 inte-

245 4762 344 4820 notot
354 4751 487 4832 stadim
503 4755 725 4833 decurramus:
749 4758 954 4835 Ventriculus
969 4782 1037 4834 erat
1056 4761 1182 4862 amplus
1201 4772 1235 4839 δι
1257 4759 1406 4838 carnosus
1427 4786 1464 4838 ut
1487 4768 1602 4842 inari·
