3646 5430
345 393 676 477 ACADEMIAE
746 393 1084 477 HISTORIA.
1106 393 1255 479 mlv.
1433 438 1488 497 42-

148 496 291 597 probet:
316 490 461 589 Qudst
487 522 541 571 ιιι
556 487 618 571 suc.
643 489 827 580 sumentur,
846 489 1038 590 vedretum
1054 486 1145 581 bustu
1166 494 1289 574 numni
1309 502 1370 583 αἰ,
1395 520 1469 585 m
1487 574 1494 585 ,
1513 501 1600 573 ’μιν

169 594 237 665 uod
250 591 381 664 dudum
397 616 452 690 per
469 621 507 684 ¹4
537 583 555 682 ξ
576 586 677 664 efficit
699 595 785 686 5⁸0⁰
804 615 812 663 ι
837 612 875 664 ex
893 610 963 684 que
994 584 1015 665 si
1039 584 1184 665 ducebas
1212 608 1337 678 qnod
1358 650 1371 682 ,
1401 595 1498 673 dim

148 619 233 775 ditor
260 713 384 786 partem
409 688 482 764 cubi
501 690 628 764 numeri
651 687 719 761 deri
746 713 788 760 20
816 743 827 775 ,
855 686 945 784 quod
976 681 1105 762 rostaim
1128 738 1139 773 ,
1161 681 1323 763 illuderit
1351 695 1498 765 idoo:

148 782 230 858 tdeo
255 809 291 858 ut
311 783 365 858 hic
388 810 539 858 numerus
556 784 673 886 pedum
693 780 961 861 minorsir1806
984 787 1026 893 ἕξ
1051 803 1135 877 quot
1161 781 1245 859 intra
1271 806 1304 865 ι,
1327 785 1388 863 soc,
1408 796 1447 863 a
1475 796 1495 889 s.

148 892 214 1059 pilii
240 890 393 990 plumbea
422 882 656 989 peragraverat.
695 891 749 959 Sic
774 887 900 960 calculo
921 893 1006 963 inito
1031 885 1101 986 post
1122 909 1162 968 29
1189 883 1250 960 sec.
1273 892 1337 989 pile
1359 896 1401 964 es
1416 918 1502 968 con.

159 988 273 1059 ceodet
295 1044 306 1074 ,
329 988 413 1059 unde
434 992 609 1086 incoeperat
633 981 818 1055 descendere
841 1041 853 1073 ,
885 1007 982 1082 atque
1000 993 1044 1061 itt
1062 1008 1196 1062 ntorum
1217 981 1310 1076 sunm
1329 998 1499 1064 coma.

148 1104 196 1156 tet
211 1081 356 1156 sursum.
1279 1096 1289 1113 ⁴

198 1186 281 1276 Qae
304 1178 437 1276 quidem
459 1171 592 1247 absurda
606 1182 639 1247 iii
661 1173 850 1273 corporibus
870 1175 1063 1264 leuiotbus,
1091 1201 1135 1249 ut·
1152 1181 1186 1247 iii
1214 1201 1310 1265 cera,
1333 1190 1367 1254 &
1392 1177 1500 1253 subere

148 1298 241 1348 trtint
256 1273 483 1346 manifestiora.
514 1278 605 1345 Nam
623 1296 661 1341 ex
675 1271 756 1344 illius
781 1270 895 1342 tabulis
912 1273 1027 1369 globus
1044 1270 1190 1346 subeteus
1216 1290 1236 1342 6
1260 1273 1497 1353 linearumdia.

148 1376 244 1445 merri
260 1375 293 1440 in
311 1367 456 1441 descensu
474 1368 531 1439 suo
543 1365 694 1452 cessabit,
715 1391 890 1464 antequam
906 1374 941 1458 38
958 1371 1049 1466 pedes
1075 1369 1260 1443 confecerit.
1290 1379 1371 1445 Haec
1387 1383 1499 1473 utique

148 1464 260 1539 omisb
273 1492 338 1537 non
362 1470 527 1562 oportuit,
551 1488 586 1536 ut
606 1467 796 1534 accuratiori
821 1469 958 1534 examini
976 1465 1201 1559 subjiciantur,
1217 1490 1299 1540 neue
1308 1495 1453 1564 errores,
1476 1475 1499 1547 si

148 1573 208 1666 qui
231 1558 445 1659 obrepserint,
468 1561 661 1630 inemendati
683 1558 914 1654 relinquantur.

195 1670 282 1737 xv.
306 1657 444 1729 Eandem
459 1653 502 1725 ob
519 1659 680 1727 rationem
698 1659 743 1727 D.
767 1655 807 1724 de
829 1655 861 1723 la
880 1661 966 1726 Hire
990 1659 1040 1726 die
1073 1654 1216 1751 14Julii
1249 1657 1398 1753 quasdam
1423 1693 1501 1764 pro.

173 1756 326 1829 ositiones
340 1751 564 1848 hydrostaticas
592 1755 612 1820 ὲ
631 1754 679 1822 Ι).
704 1753 862 1821 Matiotte
878 1754 916 1820 ad
936 1753 1084 1823 incudem
1107 1758 1281 1827 revocavit.
1315 1756 1498 1836 illuderunt

148 1785 317 1928 breodun
331 1848 402 1934 est,
432 1848 521 1942 quod
539 1850 573 1915 in
592 1868 629 1915 ea
649 1843 863 1915 dissertatione
888 1846 1059 1944 praefatur,
1084 1844 1310 1918 difficillimum
1323 1850 1383 1922 csse
1399 1857 1502 1952 liqui·
1553 1840 1558 1847 ⁸

148 1953 266 2021 dorum
285 1948 388 2022 vires,
416 1965 490 2012 cum
509 1946 542 2010 in
558 1938 674 2037 seipsa,
695 1964 750 2010 aut
766 1944 799 2008 iii
812 1943 889 2012 dura
900 1966 1000 2037 agunt
1014 1968 1173 2041 corpora,
1195 1948 1342 2016 accurati
1357 1950 1500 2027 definire.

148 2045 248 2120 Unde
267 2037 384 2111 multas
406 2042 439 2106 in
460 2042 602 2110 Heroriis
621 2040 829 2133 pneumaticis
842 2034 1073 2135 propofitiones
1093 2038 1227 2108 ostendit
1255 2042 1300 2112 D.
1320 2043 1359 2112 de
1376 2045 1405 2114 la
1432 2053 1501 2118 Hi-

148 2166 184 2213 te
200 2196 211 2226 ,
228 2162 299 2234 quae
313 2133 440 2204 defendi
455 2131 632 2202 nullatenus
645 2126 794 2228 possunt,
810 2134 987 2228 utruque
1009 2132 1079 2205 suut
1104 2132 1281 2213 machinae,
1297 2163 1366 2233 quae
1384 2139 1404 2209 fi
1427 2167 1500 2213 exe.

148 2240 272 2309 cutiorn
286 2231 531 2312 mandarentur,
556 2222 721 2341 proposito
734 2222 1042 2311 incitatissimis.
1066 2234 1119 2299 Sic
1132 2234 1165 2299 in
1182 2228 1350 2324 Opuscuso
1367 2242 1410 2310 D.
1425 2242 1500 2308 Ma.

148 2335 248 2402 tiotte
262 2329 300 2399 de
317 2330 410 2419 aquis
422 2322 577 2419 nonnulle
597 2345 665 2417 epus
682 2326 805 2419 generis
825 2325 1155 2419 cortestjops'egenr.
1186 2328 1291 2410 Hu5us
1311 2340 1434 2424 generis
1455 2335 1501 2404 esi

148 2423 284 2498 secunda
304 2419 435 2517 tegula,
462 2443 560 2514 quem
575 2422 607 2489 itr
630 2440 719 2515 parte
730 2413 864 2497 stenima
880 2418 926 2497 sui
939 2427 1044 2516 operis
1083 2422 1239 2511 roporiit,
1258 2420 1311 2490 ubi
1341 2423 1442 2497 nisum
1466 2438 1500 2499 δι

148 2525 219 2593 vini
237 2544 326 2684 apua
344 2515 479 2586 salientis
499 2516 630 2612 exponit
648 2517 683 2584 in
698 2507 875 2604 subustum
896 2537 1041 2612 receptat
1078 2518 1087 2582 i
1104 2513 1262 2601 foramen,
1277 2515 1366 2587 simui
1378 2529 1410 2591 δι
1421 2527 1503 2593 a'c‘ris
1526 2521 1530 2527 ’

148 2613 334 2712 itnpulum.
555 2669 572 2687 .,
720 2647 721 2652 ¹

197 2717 238 2780 In
262 2730 374 2803 quarta
387 2702 813 2809 reguiaqltctntnptoponit
825 2704 1008 2799 machinatu
1023 2708 1260 2791 uitiatione,
1280 2729 1344 2801 qua
1365 2701 1502 2783 silianus

148 2830 246 2906 aquae
261 2805 379 2897 jadus,
393 2807 503 2894 &ejus
520 2802 587 2867 vini
601 2799 739 2875 dimetiri
749 2802 859 2881 lioeatss
892 2809 930 2877 In
940 2800 1084 2898 ‚ut'ratpi‘e
1100 2802 1316 2897 propofitione
1330 2806 1501 2879 universim

148 2904 309 2976 enuntiari
328 2895 444 2996 probat
465 2901 508 2966 Ι).
523 2899 562 2964 de
579 2892 607 2964 la
627 2899 733 2982 Hire,
752 2901 842 2999 quiid
857 2898 999 2983 succisio
1018 2898 1245 2968 tantummodo
1268 2895 1337 2967 casu
1354 2897 1502 2998 fingusari

148 3020 267 3074 verum
279 2995 335 3069 est.
371 2995 460 3064 Cum
479 2996 577 3061 etiam
592 2995 646 3060 air
659 2997 693 3061 dr
705 3002 790 3097 aqua
801 2988 938 3064 duosint
958 3017 1091 3089 corpora
1106 2991 1226 3086 liquida
1238 2996 1504 3086 naturatiiversae,

148 3116 294 3190 quorum
311 3113 412 3159 unum
425 3090 596 3181 comprimi
615 3083 708 3156 facile
720 3086 815 3184 possit
828 3144 840 3177 ,
852 3090 989 3159 alterum
1009 3113 1074 3156 nori
1094 3092 1171 3157 item
1191 3143 1202 3174 ,
1229 3113 1343 3159 corum
1369 3094 1505 3164 effeetus

148 3187 311 3286 explicatu
329 3180 399 3252 sunt
410 3178 616 3253 difficiliores.
824 3184 827 3189 ’

205 3287 319 3355 xvi.
355 3281 474 3370 Neque
496 3276 526 3344 id
550 3277 706 3349 mirumst
728 3285 761 3351 in
782 3280 874 3351 rebus
892 3273 1030 3350 obscuris
1053 3284 1170 3376 partim
1197 3276 1357 3377 Physicis,
1386 3285 1505 3377 partim

148 3378 369 3454 Geometticis
399 3376 557 3442 acerrimo
579 3377 640 3443 viti
665 3381 795 3469 ingenio
817 3378 975 3445 interdum
1006 3375 1165 3444 nonnullo
1196 3398 1302 3443 errore
1326 3374 1507 3463 labantur,

148 3472 233 3550 :um
256 3465 511 3570 propositiones,
541 3491 611 3560 quae
637 3473 784 3539 omnium
812 3473 955 3564 gentium
977 3476 1010 3538 dc
1025 3491 1155 3538 aetatum
1176 3466 1361 3537 corrse'nsum
1376 3494 1503 3539 metue.

148 3593 229 3645 runt
250 3623 260 3655 ,
284 3562 469 3637 indubium
493 3585 642 3650 venrant,
663 3574 696 3634 δι
720 3587 757 3631 ex
774 3568 889 3646 certis,
910 3582 945 3631 ut
966 3561 1174 3647 videbantur,
1190 3566 1317 3630 inceitae
1327 3564 1505 3633 admodum

148 3665 243 3741 fiant.
282 3668 387 3751 Hujus
408 3661 531 3754 generis
552 3657 594 3725 est
610 3681 698 3728 teirae
718 3655 819 3754 figura
839 3656 1021 3754 Sphaetica,
1043 3657 1080 3724 de
1095 3678 1158 3750 qua
1179 3678 1253 3727 ante
1268 3658 1409 3727 nostram
1429 3681 1506 3728 aeta-

148 3785 222 3836 tem
251 3757 337 3831 nulla
357 3780 436 3852 pene
451 3753 512 3822 suit
527 3747 697 3827 dubitatio.
724 3759 823 3824 Nunc
837 3778 945 3825 tamen
961 3754 1000 3821 de
1023 3775 1060 3822 ea
1080 3774 1113 3820 re
1133 3774 1249 3848 magna
1267 3752 1310 3821 est
1325 3759 1505 3840 contentio,

178 3880 255 3928 uam
281 3853 350 3924 susi²
370 3845 513 3946 exposuit
542 3852 590 3916 D.
615 3856 780 3950 Varigiion
809 3854 859 3919 die
889 3848 1035 3943 19'Aug.
1072 3847 1159 3918 Curti
1182 3846 1325 3943 plerique
1345 3874 1418 3920 cani
1444 3848 1508 3920 esse

148 3884 468 4053 gphaero'r'dr'sfigurae
490 3943 687 4032 existiment,
702 3969 737 4017 ut
755 3953 799 4016 D.
814 3953 854 4018 D·
869 3949 1008 4019 Neuton
1031 3951 1065 4015 δι
1079 3946 1215 4038 Hugens
1243 4000 1254 4030 ,
1277 3941 1318 4015 sic
1341 3969 1449 4019 tamen
1469 3974 1507 4023 ut

148 4053 220 4122 axis
238 4068 327 4117 terrae
343 4041 378 4111 sit
399 4038 527 4108 breuior
544 4037 720 4127 diameter,
746 4043 843 4137 idque
865 4066 903 4110 ex
921 4045 954 4109 vi
976 4036 1153 4133 centrisuga
1177 4093 1187 4122 ‚
1211 4063 1273 4129 qua
1287 4048 1399 4136 grauia
1418 4069 1509 4140 quae·

148 4169 221 4244 que
235 4164 371 4238 corpora
388 4134 408 4205 Ξι
435 4156 548 4204 centro
561 4136 669 4205 motds
684 4139 827 4209 recedere
842 4158 1000 4206 conantur
1020 4187 1031 4217 ,
1058 4137 1105 4204 D.
1122 4137 1256 4228 Hugens
1281 4135 1354 4205 cosli
1380 4143 1416 4212 it.
1454 4145 1508 4212 Ac

148 4248 312 4333 majorem
327 4230 387 4302 esse
408 4225 508 4298 nisum
524 4229 615 4300 iilum
634 4228 689 4303 sub
712 4239 911 4327 AEquatorc,
935 4253 971 4298 ex
985 4226 1196 4324 pendulorum
1220 4233 1338 4300 minori
1358 4164 1508 4329 iongitu-

149 4337 230 4408 dine
249 4328 424 4404 concludit.
449 4330 537 4395 Nam
555 4327 684 4398 diurnus
708 4327 828 4400 telluris
845 4349 953 4397 motus
974 4381 984 4411 ,
1014 4327 1118 4417 inquit
1145 4377 1155 4409 ,
1178 4321 1255 4394 crim
1276 4323 1311 4394 fit
1328 4335 1430 4417 major
1450 4326 1510 4398 sub

149 4437 356 4527 AEquatore,
401 4421 477 4491 uim
499 4422 602 4490 versus
618 4423 737 4511 Polos,
760 4425 799 4494 de
822 4444 996 4519 corporum
1015 4423 1170 4516 gravitate
1194 4419 1314 4512 aliquid
1335 4422 1471 4494 detrabit
1494 4480 1508 4512 ,

149 4551 253 4622 atque
266 4448 422 4594 methodo
444 4521 650 4588 Geometrica
668 4544 738 4614 quae
752 4517 788 4590 fit
803 4524 886 4590 ratio
904 4518 996 4610 liujus
1011 4512 1095 4584 nisus
1111 4515 1155 4583 ad
1175 4522 1369 4610 gravitatem
1380 4514 1511 4590 absolu·

150 4645 226 4697 tam
243 4622 389 4714 inquirit.

195 4717 269 4796 Alii
287 4734 398 4791 contra
410 4732 504 4784 axem
517 4733 606 4786 tertae
625 4708 687 4786 effe
699 4715 858 4806 majorem
872 4705 967 4807 ‚illius
985 4708 1180 4785 demerim
1199 4711 1370 4808 opinantur
1398 4710 1513 4786 tadeo

1284 4809 1342 4877 tit
