3646 5430
264 384 332 434 aoo
602 358 802 435 Recta
862 347 1306 426 SCIENTIARUM

128 455 195 529 An
211 487 247 536 n.
262 462 323 526 tuti
339 456 398 530 fior
411 458 453 531 ab
467 459 601 531 extemis
614 451 729 523 idibus
745 475 754 518 ι
768 447 822 519 sed
832 445 941 519 fascias
954 449 1152 534 distendunt,
1165 469 1201 517 ut
1216 447 1306 516 costae
1320 442 1447 522 liberius
1458 450 1612 527 attollan-

130 557 213 628 1681.
263 571 313 620 tut
331 562 364 626 dt
378 555 608 653 deprimantur.

323 654 415 723 XII.
445 655 523 721 Hoc
544 668 662 716 naturae
683 639 853 714 artificium
871 646 904 711 in
924 635 1141 710 musculorum
1164 636 1342 711 abdominis
1362 641 1518 716 stmdura
1535 669 1612 742 prae·

260 748 438 816 termittcre
450 740 542 814 nobis
556 739 667 833 religio
680 737 754 813 fuit.
794 738 892 829 Jecur
917 759 998 833 pene
1017 757 1052 802 ut
1072 730 1234 803 inanibus
1262 731 1395 806 bifidum
1417 763 1484 811 erat
1508 766 1518 810 a
1551 741 1612 813 duo

260 836 358 924 lobi,
376 839 483 910 dexter
503 845 536 908 δι
556 833 673 905 sinister
689 832 776 903 velut
796 831 912 900 isthmo
930 830 1070 925 quodam
1086 825 1220 902 discreti.
1258 832 1384 902 Dubius
1396 833 1561 930 hepaticus
1581 841 1612 908 iu

261 933 375 1003 dextro
392 932 470 1003 lobo
490 932 607 1000 radices
623 929 768 1013 habena,
792 933 826 996 in
849 922 1003 995 finistrum
1032 926 1196 1018 posterius
1219 923 1306 996 collo
1329 929 1423 1024 cystis
1442 927 1545 1002 felleae
1565 937 1612 1003 iu-

263 1022 433 1101 serebatur.
461 1030 578 1100 Cor&
596 1023 764 1118 pulmones
783 1020 849 1091 fere
865 1044 900 1091 ut
914 1027 946 1090 in
959 1017 1137 1089 testitudine
1152 1054 1161 1106 3
1184 1044 1263 1090 vena
1278 1044 1355 1091 cava
1374 1024 1515 1121 duplex,
1527 1048 1612 1099 trun.

266 1144 321 1191 cus
348 1146 430 1193 unns
458 1132 491 1195 &
525 1124 700 1218 praecipuus
720 1119 737 1187 ὲ
761 1119 872 1185 dextro
899 1120 1012 1204 jecoris
1038 1109 1117 1182 lobo
1138 1118 1172 1183 in
1201 1116 1342 1186 dextram
1364 1120 1467 1192 cordis
1489 1127 1612 1192 auricu-

265 1215 333 1284 lam
354 1251 363 1305 3
385 1213 464 1288 alter
476 1213 564 1312 isque
583 1215 720 1284 minori
740 1211 819 1282 lobo
841 1205 962 1280 finistro
978 1208 1125 1308 prodiens
1138 1213 1171 1277 in
1189 1209 1364 1282 auriculam
1379 1210 1535 1287 finistram
1558 1218 1612 1286 de·

266 1305 397 1385 sinebat.
422 1311 626 1384 Ventriculus
647 1304 714 1379 ferd
730 1330 765 1377 ut
784 1313 818 1376 in
835 1303 946 1376 avibus
964 1329 1033 1400 qnae
1046 1310 1150 1399 granis
1163 1302 1332 1374 vescuntur
1351 1363 1362 1394 ,
1387 1319 1479 1403 cujus
1505 1307 1612 1411 angus

265 1408 330 1475 tior
347 1430 414 1477 erat
436 1411 555 1477 cavitas
576 1431 586 1474 ι
612 1403 693 1473 adeo
709 1425 744 1472 ut
757 1402 842 1473 illius
853 1405 1083 1497 exiguitatem,
1099 1423 1137 1468 ac
1158 1399 1302 1468 dentium
1316 1407 1503 1477 tenuitatem
1517 1412 1612 1479 acrior

265 1497 493 1586 confideranti,
507 1498 587 1569 illud
609 1496 702 1595 plane*
720 1497 884 1568 intellediu
896 1495 1031 1564 arduum
1044 1493 1186 1564 videatur
1203 1551 1213 1581 ,
1232 1499 1398 1590 quomodo
1412 1505 1612 1598 magnis‘ani.

266 1593 429 1666 mantibus
443 1593 524 1666 vesci
571 1616 666 1677 ueat,
687 1616 722 1663 ut
738 1595 885 1663 austeres
907 1586 1058 1662 scribunt.
1096 1590 1215 1683 Neque
1232 1595 1318 1661 enim
1348 1595 1372 1661 ii
1388 1591 1459 1668 sunt
1479 1597 1612 1684 dentes,

266 1693 325 1784 qui
341 1691 479 1761 dividere
494 1618 612 1788 posint
624 1697 657 1760 δι
673 1694 891 1758 comminuere
915 1690 1036 1777 majora
1051 1683 1218 1771 animalia,
1232 1710 1292 1754 nec
1313 1691 1507 1762 ventriculus
1521 1715 1612 1792 capax

266 1783 365 1855 estiis
382 1775 580 1856 continendis
598 1838 609 1870 ,
630 1779 686 1852 nisr
711 1781 795 1853 sortd
811 1777 1001 1880 oesophagus
1020 1778 1199 1850 admodum
1215 1782 1363 1853 distentus
1375 1786 1612 1886 irritaringentia

152 1943 157 1950 .
265 1876 348 1950 sacci
359 1879 463 1951 edulia
474 1882 608 1976 excipiat
623 1888 656 1951 δι
673 1883 848 1951 contineat.

321 1975 424 2046 Aorta
435 1977 546 2046 itidem
560 1996 596 2043 ut
614 1997 692 2043 cava
710 2027 721 2056 ,
747 1974 874 2069 duplex.
898 1970 1018 2068 Aspera
1041 1977 1153 2043 arteria
1171 1971 1354 2072 priusquam
1368 1981 1401 2047 in
1427 1977 1509 2051 duos
1527 1974 1612 2050 abeat

269 2094 396 2155 ramos,
419 2066 585 2166 paululum
601 2066 773 2145 rededlitur
787 2122 798 2152 ,
814 2065 882 2136 ferd
902 2089 937 2136 ut
949 2072 981 2136 in
1000 2091 1077 2164 grue
1088 2091 1143 2138 aut
1165 2072 1198 2137 in
1225 2095 1354 2168 cygno:
1376 2072 1612 2168 pulmonisuul·

208 2171 212 2179 ’
268 2164 338 2235 lum
356 2187 423 2235 crat
443 2160 685 2258 parenchyma‚
711 2157 763 2230 sed
787 2160 994 2230 veficularum
1018 2158 1147 2233 tanttlm
1172 2171 1336 2262 congeries
1357 2195 1393 2243 ut
1412 2174 1446 2240 in
1469 2169 1612 2241 testudine

269 2266 304 2331 δι
324 2261 358 2326 in
378 2265 490 2331 ranis:
518 2280 586 2328 non
609 2260 697 2327 enim
719 2253 842 2354 sanguis
865 2260 972 2325 omnis
993 2280 1028 2329 ut
1049 2261 1082 2327 in
1101 2265 1231 2330 terrenis
1250 2264 1466 2339 animantibus
1491 2263 1612 2366 pulmo·

271 2376 327 2424 nes
350 2358 478 2444 trajicit.
1102 2360 1109 2367 ’

315 2449 440 2544 Lingua
466 2474 522 2547 per
548 2446 695 2520 latiorem
717 2445 936 2518 membranam
961 2447 1106 2518 inferiori
1123 2452 1256 2523 maxilla
1280 2453 1461 2532 adhaerebat
1481 2512 1494 2546 ,
1520 2482 1612 2556 eaque

271 2542 458 2614 membrana
484 2547 577 2616 uariis
590 2539 713 2640 pertusa
727 2541 928 2613 foraminulis
951 2547 1145 2641 praecipuum
1159 2549 1202 2618 est
1222 2552 1360 2646 gustatus
1379 2577 1561 2654 organum:
1583 2556 1612 2626 iu

271 2637 409 2733 longum
452 2641 577 2709 orresta
598 2639 643 2707 est
668 2638 800 2736 lingua,
825 2634 877 2709 sed
899 2638 1074 2730 angustior.

322 2665 459 2802 Maxilla
472 2731 604 2803 inferior
622 2756 698 2804 cum
713 2756 897 2829 temporum
919 2730 1034 2802 ossibus
1053 2732 1174 2831 duplici
1186 2742 1407 2814 articulatiom
1419 2742 1612 2839 ficneffltnr,

271 2848 307 2898 ut
329 2821 450 2897 sursum
469 2821 666 2900 &deorsum
688 2827 914 2898 tantummodo
926 2852 1112 2917 moveatur,
1130 2854 1197 2904 non
1212 2835 1448 2914 dextrorsum&
1460 2837 1612 2915 sinistror-

270 2917 341 2991 sum
358 2941 393 2989 ut
416 2927 450 2991 in
467 2922 536 2993 aliis
552 2920 767 2993 animantibus
791 2951 799 2994 :
831 2948 905 2993 cum
925 2925 1012 2991 enim
1028 2923 1135 2996 dentes
1149 2928 1231 3001 illins
1249 2941 1336 3005 acuti
1349 2932 1392 3003 src
1404 2932 1612 3035 disponantur¹

271 3037 308 3085 ut
326 3012 382 3085 srbi
398 3040 464 3086 non
477 3037 672 3102 occurrant,
693 3014 745 3087 sed
767 3021 801 3087 in
820 3016 917 3115 spatia
934 3022 1136 3183 ginpivarum
1162 3025 1307 3099 dentibus
1329 3051 1431 3100 vacua
1448 3037 1612 3124 incurrant,

271 3108 401 3182 maxilla
418 3112 458 3181 ad
479 3111 577 3183 latera
600 3108 721 3182 infleui
744 3135 810 3182 non
834 3111 962 3199 debuit,

272 3208 377 3315 apices
395 3204 451 3316 sabi
463 3229 571 3303 aptata
585 3203 747 3316 foramina
760 3205 909 3317 subirent.
941 3213 1023 3304 Qae
1041 3212 1081 3282 ad
1107 3211 1255 3290 Sceleton
1266 3217 1389 3316 reliq·
1411 3225 1608 3320 pertinentia

272 3294 484 3399 descrrpnone
499 3300 565 3402 ipsa
581 3298 720 3371 drlucrde
741 3310 774 3373 dt
801 3298 927 3399 coprosc
942 3327 1154 3400 exponuntur.

995 3114 1033 3183 ed
1047 3111 1164 3187 sursum
1187 3120 1398 3211 deorsumve,
1419 3149 1456 3197 ut
1479 3127 1612 3204 dentium

723 3631 1018 3716 CAPUT
1114 3639 1195 3722 11.

693 3852 750 3915 De
782 3836 931 3946 Physttis
956 3848 1216 3957 experimrntis,

272 4037 430 4208 LDE
446 4039 560 4137 plantis
575 4046 746 4118 rarioribus
759 4073 829 4144 quae
851 4055 892 4121 D·
917 4052 1090 4125 Marcbant
1102 4077 1223 4125 curaer
1234 4055 1371 4129 diffitisr
1413 4060 1538 4140 ionibus
1547 4065 1599 4141 sut

405 4135 529 4225 allata,
545 4164 683 4213 necnon
699 4144 738 4214 de
754 4169 865 4215 earum
889 4144 1008 4241 analysr
1027 4148 1107 4218 nihil
1127 4147 1246 4224 necesse
1269 4151 1312 4221 est
1334 4082 1430 4226 suilgut
1455 4158 1600 4252 dissum,

271 4256 347 4303 cum
360 4231 426 4304 haec
441 4237 475 4301 in
490 4232 633 4332 stirpium
652 4239 818 4310 volumine
838 4242 925 4332 quod
938 4239 1027 4312 brevi
1046 4246 1079 4313 in
1094 4243 1198 4314 lucem
1214 4245 1414 4343 proditurum
1442 4251 1602 4348 speramur,

269 4323 506 4426 diligentiffimd
521 4325 582 4400 sant
598 4332 764 4431 explicata.
783 4343 827 4406 Ι).
848 4341 978 4406 Bocone
990 4335 1107 4408 librum
1118 4340 1156 4408 de
1172 4340 1287 4438 plancis
1298 4344 1491 4438 rarioribus,
1504 4356 1604 4427 cuiin-

269 4415 357 4494 sertae
373 4445 463 4494 erant
481 4425 591 4522 stirpes
611 4426 795 4526 complures
810 4439 843 4504 dc
856 4429 1034 4522 exsiccata,
1061 4430 1186 4506 miserat
1204 4438 1244 4508 ad
1268 4439 1452 4515 Reverend.
1477 4450 1515 4522 Ρ.
1531 4446 1606 4529 deu

275 4515 399 4591 Chaize
406 4572 419 4606 ,
429 4523 489 4687 gui
501 4542 576 4592 eum
588 4525 629 4592 ad
641 4525 850 4596 Academiam
866 4524 960 4600 misit.

322 4619 380 4690 11.
461 4639 517 4686 um
540 4621 586 4691 D.
602 4600 743 4730 de'Saint
767 4621 891 4693 Hilaire
911 4622 1096 4724 Canonicus
1115 4623 1342 4700 Bellovacenlis
1355 4683 1366 4715 ,
1380 4636 1431 4703 vir
1443 4636 1611 4734 ingenio&

275 4709 451 4805 cruduuue
462 4709 586 4804 clatus,
601 4713 811 4814 d1e30.Julii
828 4742 948 4817 aquam
960 4726 1117 4794 matutam
1125 4718 1324 4800 saleexutam
1335 4729 1371 4801 in
1387 4727 1612 4807 bibliothecam

1486 4827 1612 4930 litim
