3646 5430
373 329 719 406 renotuit
757 333 1083 414 rrrsronrir.
1125 320 1274 416 theru.
1438 368 1506 447 305

134 429 315 529 ponantur,
338 426 502 527 praemilhs
526 453 617 523 aqua
643 435 824 504 communis
840 431 962 507 duabus
978 459 1034 509 aut
1053 432 1154 506 tribus
1170 437 1258 509 libris
1274 442 1308 510 in
1331 438 1491 537 excipulo,
1509 438 1592 534 Chy-

134 534 222 618 cujus
244 526 369 597 collum
388 524 424 597 lit
437 523 611 621 oblongius
633 578 645 610 ,
669 526 757 596 nudo
776 531 843 625 igni
874 533 1011 602 admove
1031 553 1197 605 retortam.
1231 537 1316 619 Iunis
1343 558 1397 630 per
1416 537 1492 606 duas
1509 541 1600 606 mica.

134 621 228 690 horas
249 623 374 700 lenior,
393 620 547 717 paulatim
561 619 673 692 tullus
698 645 754 718 per
778 644 841 694 tres
855 622 957 696 horas
978 627 1151 697 vehemens
1172 613 1356 701 adhibeatur
1378 685 1391 715 ,
1417 653 1488 700 tum

150 712 324 808 hlegmatis
339 740 474 817 parum,
491 712 661 784 deindesal
678 713 844 805 volatilis,
871 722 979 817 postea
998 721 1106 791 oleum
1135 726 1263 816 nigrum
1286 733 1319 797 &
1340 724 1491 796 foetidum
1633 740 1638 747 '

134 743 283 900 lillabit,
299 837 338 882 ac
353 812 483 884 tandem
501 806 680 903 Phosphori
694 815 825 884 materia
841 812 862 884 s
915 820 945 885 ie
964 812 1057 887 nubis
1079 818 1218 887 candida
1231 818 1394 915 prodibit,
1418 845 1489 914 quae

134 906 305 1069 Ραᾶζειὼιις
324 910 508 1072 rpaecipiendtpst
521 905 621 1069 indhhh
637 903 795 1071 Peddihlbae
810 909 848 978 ad
862 1009 886 1074 ti
900 902 1020 1073 τέρα,
1038 933 1093 1021 aur
1114 912 1155 1075 lad
1183 916 1286 1076 impm
1308 919 1489 1079 recipifentls

134 1024 161 1069 tn
211 1027 335 1072 rarenu
406 1025 455 1070 eci
634 1026 644 1070 1
774 1026 859 1072 roex
889 1029 909 1076 n
945 1028 1068 1089 o,excr
1091 1029 1162 1076 uus
1198 1033 1219 1075 o
1272 1033 1346 1078 uam
1365 1035 1398 1079 re
1414 1031 1486 1080 rrxir

134 1094 150 1164 l
170 1099 292 1168 retorta
310 1053 609 1193 sejungatur',’nou
622 1025 736 1184 astra,
761 1119 802 1166 ue
816 1096 1019 1198 Phosphorus
1065 1033 1203 1173 ubeuntpe
1228 1033 1301 1172 adse
1319 1101 1486 1176 flammam

134 1213 225 1261 conci
252 1215 308 1264 rat.

181 1218 263 1380 (ἐς
276 1308 387 1358 autem
400 1281 724 1386 granulainmalsam
738 1287 955 1374 coeant,haec
1026 1287 1130 1359 lindro
1154 1291 1172 1360 ὲ
1193 1288 1281 1360 serto
1300 1293 1406 1380 albo,
1432 1291 1486 1366 seu
1585 1319 1591 1328 ’

227 1384 368 1468 lineola,
388 1391 423 1455 δι
438 1383 522 1476 aqud
539 1377 661 1478 perfusa
682 1381 818 1453 admoto
831 1383 939 1453 calore
959 1388 990 1453 in
1020 1407 1053 1453 ar
1078 1405 1155 1453 cera
1173 1385 1346 1478 liquantur.
1395 1395 1485 1462 Tum

133 1501 146 1548 r
260 1475 377 1645 hppida
398 1475 602 1571 Phosphorus
631 1475 807 1549 concrescit
832 1478 950 1549 coloris
973 1475 1053 1550 flavi
1072 1477 1166 1547 instar
1195 1503 1286 1554 cern,
1322 1483 1486 1573 E;usmodi

133 1596 300 1778 rtet
314 1566 1486 1763 iiiii,’rt‘sshrlrr‘tniiiiirritentur

133 1784 373 1932 Posrlnctonsulro
385 1865 570 1967 monuimus
583 1862 701 1930 recenti
715 1859 807 1928 urinl
821 1859 975 1931 utendum
993 1884 1060 1931 non
1082 1859 1285 1935 fermentata.
1309 1866 1399 1934 Nam
1444 1891 1483 1939 rae

133 1951 275 2027 riuturna
292 1953 541 2029 fermentatione
563 1977 667 2054 partes
684 1950 830 2029 volatiles
847 1950 1047 2025 alitioribus
1068 1952 1192 2027 secreta
1214 1962 1223 2027 i
1249 1962 1297 2028 nis
1319 1889 1484 2030 ardoribus

133 2051 193 2118 rito
206 2048 370 2125 exhalant.
394 2049 487 2124 Phos
502 2052 599 2121 horus
618 2070 727 2122 autem
739 2053 870 2119 materia
883 2050 1006 2120 constat
1026 2052 1163 2122 omnino
1186 1984 1332 2123 vosatili:
1354 2048 1404 2126 sed
1428 2054 1484 2127 ubi

133 2146 384 2240 arinapaulatim
403 2079 562 2217 exhalarit
578 2166 653 2216 anre
664 2143 1073 2239 fernientationemparum
1089 2140 1111 2214 s
1126 2149 1214 2218 iritus
1226 2143 1398 2239 urinofi,&
1411 2175 1483 2247 pars

132 2245 229 2332 major
248 2240 444 2339 phlegmatis
456 2239 523 2311 abit
540 2245 573 2312 in
594 2262 748 2336 vapores,
766 2238 889 2335 reliqua
909 2240 1076 2327 volatilia,
1097 2169 1164 2327 hl,
1186 2240 1313 2328 oleum,
1331 2252 1364 2316 δι
1383 2243 1483 2318 Phos-

132 2329 220 2426 phori
233 2341 369 2408 materia
382 2359 532 2423 manent,
546 2337 623 2406 dum
639 2337 770 2426 majoris
783 2338 864 2430 ignis
881 2338 914 2404 vi
930 2330 1110 2430 separentur
1124 2358 1135 2403 r
1159 2331 1203 2405 ob
1226 2359 1298 2405 eam
1321 2345 1479 2415 rationem

132 2427 297 2591 hscrypra
309 2435 401 2529 nigra
415 2430 471 2501 illa
490 2436 624 2504 materia
639 2455 695 2529 per
706 2427 833 2525 aliquot
845 2422 967 2500 menses
979 2428 1127 2500 exhalato
1141 2427 1325 2526 phlegmate
1336 2430 1479 2507 fermen-

132 2539 230 2598 tecit.

168 2620 369 2692 Cavendum
384 2625 430 2696 im
455 2627 546 2693 rimis
568 2624 611 2693 est
635 2646 676 2692 ne
700 2624 791 2691 urina
807 2619 884 2688 dum
905 2618 968 2692 levi
986 2615 1100 2690 caloris
1121 2623 1195 2714 igne
1208 2616 1363 2708 exhalat,
1393 2644 1480 2694 extra

132 2735 181 2782 ras
195 2709 397 2804 effundatur,
432 2743 506 2787 ecus
519 2741 586 2786 non
603 2716 684 2788 bene
702 2716 854 2810 procedet
872 2719 1043 2813 operatio:
1069 2736 1145 2785 narn
1180 2738 1250 2811 pars
1281 2719 1377 2788 urinae
1405 2722 1480 2812 pin-

132 2810 240 2912 puior,
264 2835 338 2882 cum
352 2813 464 2884 cadem
481 2810 518 2882 srt
533 2812 692 2899 levior,in
707 2810 833 2881 summo
849 2830 946 2893 extat,
962 2811 1039 2878 dum
1052 2806 1185 2894 ebullit,
1199 2832 1302 2904 eaque
1319 2816 1478 2911 imprimis

132 2907 274 2976 ervanda
287 2907 339 2980 eit
367 2911 458 2981 Nam
475 2904 677 3003 Phosphorus
688 2908 733 2976 est
746 2929 815 3000 pars
827 2909 924 2973 urinae
938 2908 1064 3002 pinguis
1082 2911 1116 2974 dt
1132 2901 1273 2974 volatilis
1286 2925 1376 2978 terrae
1387 2908 1477 2980 valde

132 2993 347 3072 ffiammabili
358 3001 423 3073 alte
438 2997 552 3089 inlita,
568 3024 666 3096 atque
680 3025 715 3073 ut
731 3004 821 3070 aiunt
835 3020 1050 3072 concentrata.

161 3097 304 3193 Nigrior
319 3101 452 3168 materia
473 3120 548 3167 cum
568 3095 672 3168 altero
683 3118 774 3168 tanto
784 3089 882 3164 sabuli
894 3118 948 3166 aut
959 3091 1029 3164 boli
1046 3090 1250 3193 permiscetur
1263 3153 1274 3184 ,
1286 3120 1326 3168 ne
1336 3098 1477 3195 liquetur

131 3211 154 3259 n
171 3183 307 3263 summis
326 3190 492 3263 ardoribus
510 3246 520 3277 ‚
547 3193 636 3288 quod
650 3197 761 3288 urique
772 3190 928 3259 accideret
942 3213 1074 3286 propter
1091 3187 1166 3260 sales
1178 3190 1296 3285 quibus
1308 3192 1448 3268 abundat
1465 3224 1474 3269 ε

131 3279 193 3354 'usa
212 3306 325 3356 autem
352 3291 484 3357 materia
498 3285 578 3356 nihil
593 3289 680 3369 exea
696 3281 827 3357 volatile
843 3283 964 3355 extrahi
989 3281 1100 3373 posset.
1138 3287 1277 3357 Eandem
1302 3286 1346 3357 ob
1374 3296 1475 3361 ratio.

131 3399 198 3447 iem
212 3379 342 3477 spiritus
365 3385 442 3452 nitri
462 3403 517 3451 aur
536 3377 604 3452 salis
619 3382 782 3454 additione
805 3377 874 3448 boli
897 3377 1093 3468 extrahitur,
1112 3376 1154 3450 sic
1175 3385 1261 3452 enim
1288 3381 1370 3455 fufio
1386 3383 1473 3455 inhi-

131 3491 228 3547 >etur

173 3570 213 3636 In
235 3573 356 3642 retorta
373 3593 482 3644 autem
501 3595 567 3643 non
582 3570 694 3656 fissili,
710 3590 778 3660 quae
801 3571 896 3638 nimis
910 3567 1022 3666 porosa
1037 3571 1082 3640 est
1094 3565 1198 3653 ,sede
1217 3565 1307 3644 filicis
1322 3571 1467 3668 pulvere,

131 3658 177 3733 rol
200 3690 223 3733 o
241 3667 376 3760 Degree
395 3665 432 3739 sir
453 3667 641 3752 distillatio,
668 3663 757 3759 quod
778 3661 854 3734 tella
882 3668 977 3734 nimis
996 3668 1103 3760 pervia
1126 3660 1303 3760 Phosphori
1330 3673 1468 3740 materia

131 3779 163 3849 pt
233 3781 279 3830 ret
297 3765 555 3855 exitum,neque
570 3761 697 3832 stillaret
715 3764 748 3828 in
764 3757 960 3858 excipulum.
996 3757 1154 3853 Ampium
1175 3782 1253 3828 vero
1278 3761 1405 3848 illum,
1436 3774 1471 3836 dr

131 3849 291 3948 illigenttr
322 3853 458 3928 lotatum
491 3854 552 3926 else
595 3850 714 3929 ne'celse
752 3853 796 3924 est
835 3910 845 3939 ,
885 3854 973 3926 secus
1016 3851 1230 3950 confringitur
1259 3912 1268 3940 ‚
1314 3879 1370 3927 aur
1403 3857 1468 3957 spi.

131 3947 202 4018 urus
220 3972 376 4045 erumpet.
402 3950 536 4023 Collum
561 3960 627 4044 ejus
654 3948 779 4044 longius
804 3947 864 4018 else
890 3947 1019 4038 debet,
1044 3973 1079 4019 ut
1104 3949 1215 4046 procul
1239 3949 1315 4024 srta
1339 3950 1471 4026 furnulo

131 4035 267 4130 llffirus,
281 4041 368 4116 secus
381 4071 443 4143 prae
464 4048 566 4116 nimio
581 4045 688 4117 calore
709 4045 815 4115 sumus
833 4043 885 4114 ille
896 4039 986 4120 albus
1007 4052 1041 4117 in
1063 4069 1131 4139 quo
1147 4042 1286 4118 consistit
1303 4046 1471 4146 Phospho.

130 4155 199 4224 Tur,
216 4163 285 4212 oon
307 4138 546 4225 concresceret,
566 4142 649 4210 uude
670 4139 773 4210 linteis
797 4141 931 4209 madidis
957 4162 1075 4213 retorta
1098 4140 1270 4209 identidem
1291 4142 1472 4221 obducitur.

130 4231 220 4327 Aqua
239 4239 339 4306 num
358 4236 496 4333 excipuli
511 4232 614 4305 fundo
717 4241 801 4305 nitur
825 4289 837 4320 ,
858 4257 893 4304 ut
914 4237 1048 4329 granula
1078 4229 1253 4330 Phosphori
1279 4243 1470 4333 extinguat,

130 4327 322 4423 gntleniori
335 4336 424 4426 nigra
442 4335 575 4401 materia
592 4260 743 4422 pabsthsm
767 4329 830 4403 suit
853 4326 1028 4419 exsiccata,
1058 4354 1099 4401 ne
1121 4333 1155 4401 in
1189 4325 1334 4429 spumtm
1368 4331 1471 4406 abiret

130 4443 193 4518 qua
208 4447 263 4521 per
282 4448 407 4494 retorrae
426 4427 562 4496 rostrum
585 4423 752 4497 laberetur.

163 4523 225 4591 111.
237 4524 275 4591 ln
291 4522 380 4589 hstis
391 4517 504 4590 mensis
514 4517 701 4592 Decembris
708 4525 795 4589 varia
805 4518 984 4617 Phosphori
991 4546 1105 4620 genera
1116 4520 1276 4616 distinguit
1295 4525 1339 4593 D.
1357 4527 1468 4591 Hom·

130 4634 208 4714 ttrg.
228 4619 372 4690 Primum
383 4640 495 4686 eorum
504 4613 551 4682 est
567 4617 624 4707 qui
632 4614 688 4682 diu
702 4617 865 4710 nouaque
875 4615 994 4701 lucent,
1005 4619 1110 4688 sivein
1120 4614 1213 4701 sicca,
1226 4609 1287 4684 sive
1300 4619 1333 4683 in
1345 4617 1465 4708 liquida

130 4703 178 4781 int
189 4707 310 4795 forms,
325 4715 413 4806 iique
420 4732 535 4784 omoor
548 4733 585 4781 cx
603 4709 759 4787 uriudaut
771 4705 921 4809 sanguiue.
933 4712 1077 4790 humano
1091 4711 1260 4809 prodeunt,
1272 4715 1465 4785 varirtaddi·

130 4802 397 4908 amentissucati.
1254 4808 1325 4910 Q]
