3646 5430
276 402 338 474 τι(
591 395 783 470 RE'GlAE
829 380 1285 461 SCI'ENTIARUM

135 525 200 597 ΛΝ
316 498 380 567 ΙΧ.
400 489 505 565 Stella
525 515 658 589 quoque
677 492 809 580 maioris
829 489 916 555 cunia
931 480 1147 555 Metidianam
1166 480 1368 554 altitudinem
1382 477 1530 578 qualibet
1551 483 1634 561 liora

135 551 249 707 „33⁸⁹
271 591 333 663 diei
347 598 379 663 δι
395 590 520 677 noctis,
534 592 631 658 etiam
644 590 678 656 in
697 581 763 682 ipsa
777 583 909 654 meridie
931 581 1017 674 oepit
1037 582 1083 651 D.
1105 576 1191 648 dela
1211 581 1294 650 Hire
1317 635 1328 666 ,
1348 577 1439 676 quod
1461 600 1538 650 ante
1558 577 1624 653 fae·

211 673 221 695 ⁸
272 710 341 758 tum
357 710 423 755 non
437 683 550 757 suerat.
574 679 710 753 Nullam
731 684 813 750 inea
833 671 1048 746 differentiam
1074 673 1299 745 animaduertit
1322 697 1434 771 prater
1453 696 1529 746 eam
1561 700 1625 771 φη

271 807 309 852 ex
323 783 502 852 mutatione
514 777 735 851 declinationis
746 774 889 845 accidere
901 767 1007 842 debet.
1020 771 1141 860 Neque
1152 768 1213 838 alia
1228 770 1272 840 est
1284 774 1384 843 tutior
1399 772 1476 858 via,
1492 792 1629 865 quanm¹

272 876 320 947 bis
337 875 373 947 fit
392 875 592 972 exploratum
609 870 835 944 refractionem
853 867 892 937 de
912 867 963 936 die
976 889 1043 935 non
1056 860 1118 933 elle
1136 859 1292 936 diversam
1307 863 1350 936 ab
1367 890 1405 938 ea
1434 888 1511 961 quae
1530 868 1624 942 uo&

271 970 529 1070 deprehenditur.
558 973 648 1042 Nam
663 966 839 1038 admodum
857 957 1009 1032 sensibilis
1021 957 1106 1031 foret
1121 957 1176 1029 illa
1193 955 1419 1032 differentiam
1432 960 1624 1052 hujutslella

272 1065 363 1162 supra
382 1065 587 1139 horizontem
599 1064 791 1150 altitudine,
835 1083 883 1129 τη
895 1058 939 1129 ell
961 1086 1002 1146 ²4
1016 1080 1063 1154 gt·
1081 1082 1117 1150 5²
1131 1056 1211 1126 min.
1235 1053 1391 1128 feretum
1404 1051 1552 1145 semisse,
1573 1057 1621 1132 mi

272 1162 424 1235 refrastio
443 1164 583 1234 duorum
598 1162 642 1231 est
665 1158 821 1254 &ampli
881 1158 1093 1225 minutorum.
1126 1151 1227 1248 Qod
1253 1156 1364 1243 magen
1383 1153 1429 1231 en
1449 1159 1486 1224 itt
1516 1154 1619 1227 Astra·

271 1264 382 1331 nomia
404 1263 562 1330 momenti
576 1314 587 1341 ,
599 1280 634 1329 ut
654 1277 808 1326 accurata
831 1246 890 1322 sint
913 1246 1162 1319 ohservationes.
1187 1250 1296 1344 Atque
1309 1246 1388 1319 hinc
1399 1246 1482 1319 illud
1496 1248 1615 1322 cunm·

273 1356 358 1424 ditur
374 1413 384 1442 ,
402 1352 599 1452 Tychonem
617 1377 654 1425 ea
667 1356 701 1422 in
715 1374 748 1419 rc
763 1344 910 1419 nonnihil
925 1345 945 1414 i
960 1369 1038 1414 veto
1050 1338 1227 1432 aberrasse,
1252 1367 1327 1415 cum
1340 1342 1416 1416 alias
1433 1343 1545 1434 Solis,
1556 1344 1619 1420 aliu

273 1449 445 1522 Stellarum
461 1447 706 1519 refractionibus
721 1444 844 1516 tabulas
868 1442 1042 1513 contexuit.
1263 1446 1270 1460 '

326 1550 425 1618 Hanc
442 1543 574 1615 Stellam
590 1547 704 1641 quavis
720 1538 802 1611 hora
821 1538 883 1608 diti
897 1547 932 1611 ec
949 1536 1053 1605 nothis
1064 1590 1075 1621 ,
1088 1536 1203 1632 quovit
1215 1538 1291 1607 anni
1303 1557 1454 1632 teinpote
1464 1532 1507 1635 iic
1519 1536 1620 1611 obst„

272 1666 351 1728 vat,
373 1666 409 1713 ut
428 1642 504 1712 huic
526 1639 736 1712 fundamento
750 1634 859 1708 motha
871 1633 955 1706 Solii
970 1627 1115 1718 tabulae,
1133 1639 1167 1704 ὅτ
1183 1628 1317 1703 lixarum
1417 1636 1424 1649 '
1456 1631 1618 1734 insignium

272 1735 468 1809 ascensiones
484 1739 586 1807 techas
605 1792 616 1820 ,
637 1744 670 1807 &
693 1732 865 1833 positiones
881 1727 1103 1827 supersttusias
1120 1726 1261 1800 ediderit·
1299 1657 1464 1826 iduipstsstm
1481 1732 1519 1800 in
1544 1729 1620 1802 llellt

273 1831 355 1997 lyr}
372 1832 477 1905 lucida
493 1831 657 1933 prestitit:
678 1853 776 1928 atque
787 1827 861 1900 inde
883 1825 976 1924 plura
995 1824 1030 1895 in
1049 1824 1293 1898 Astrooomiarn
1306 1825 1486 1897 commoda
1501 1848 1617 1911 mre

274 1954 321 2026 po
348 1951 417 2002 unt.

710 2225 745 2308 C
781 2225 820 2308 A
858 2224 887 2309 P
919 2225 960 2310 U
998 2224 1038 2305 T
1114 2226 1169 2310 V.

554 2417 610 2500 D'e
636 2421 685 2497 iis
704 2444 776 2528 qua
805 2415 855 2496 ad
886 2409 1136 2528 cirographum
1158 2409 1342 2530 speciant.

272 2601 302 2671 1.
317 2599 449 2767 Die
473 2627 487 2690 3
512 2595 633 2692 Aprilis
661 2601 707 2670 D.
733 2595 855 2670 Callini
872 2594 1060 2668 methodum
1074 2590 1239 2692 proposuit
1265 2595 1449 2670 inveniendi
1472 2597 1619 2672 Meridies

415 2720 531 2765 notum
547 2689 740 2763 differentias
751 2718 790 2763 ex
815 2689 1087 2763 observationibus
1109 2687 1277 2763 satellitum
1291 2693 1388 2788 Jovia
1404 2749 1417 2782 ,
1436 2690 1559 2768 etiamsi
1574 2718 1622 2768 ta·

270 2793 346 2861 <iem
367 2787 547 2860 observatio
566 2792 599 2857 in
610 2787 714 2857 altero
726 2787 874 2859 locorum
888 2786 974 2859 facia
988 2811 1056 2858 non
1068 2783 1184 2874 fuerit,
1199 2782 1250 2860 sed
1275 2810 1315 2858 er
1337 2791 1377 2858 iis
1400 2813 1472 2889 que
1494 2814 1572 2865 ante
1587 2801 1621 2865 dt

270 2887 344 2986 post
357 2882 471 2956 habita
484 2880 583 2973 sunt,
605 2881 812 2955 differentiaei
837 2883 873 2953 sae
891 2905 1052 2958 eruantur.

328 2981 473 3081 Exempli
488 2979 565 3052 loco
576 2980 607 3052 id
624 2984 716 3077 ponit
736 2910 835 3077 quos
841 2977 961 3077 patebit
986 2977 1095 3052 latitls.
1129 2983 1193 3054 Die
1216 3005 1249 3057 ιτ
1265 2979 1423 3055 octobrio
1440 2986 1516 3055 anni
1541 2989 1619 3076 ram,

271 3082 307 3150 in
330 3103 366 3148 ea
388 3075 583 3147 Antillarum
602 3073 702 3145 insula
722 3099 793 3172 quae
823 3077 857 3141 la
883 3072 1084 3171 Gardeloupe
1107 3102 1148 3174 ap
1171 3077 1315 3167 ellatur,
1346 3085 1381 3150 &
1408 3078 1459 3149 die
1477 3108 1519 3155 to
1544 3085 1620 3153 No.

272 3171 413 3244 vembris
429 3168 569 3267 ejusdem
586 3177 662 3243 anni
682 3174 716 3241 in
734 3176 910 3244 Martinica
929 3173 997 3243 duae
1018 3103 1235 3244 immersiones
1252 3179 1347 3273 primi
1370 3172 1519 3249 satellitis
1532 3235 1543 3265 ,
1557 3175 1620 3248 alia

268 3270 381 3343 itidem
402 3267 549 3365 Antipoli
571 3274 604 3339 io
621 3271 790 3339 Provincia
812 3264 919 3338 mense
940 3265 1123 3341 Novembri
1152 3276 1186 3342 dt
1208 3267 1384 3343 Decembri
1401 3270 1544 3367 ejusden
1564 3296 1620 3344 aa·

269 3368 306 3435 ni
327 3371 347 3435 d
372 3368 418 3440 D.
438 3363 478 3433 de
498 3360 528 3432 la
547 3367 630 3437 Hire
648 3356 719 3433 sunt
740 3358 910 3434 observata
935 3421 946 3452 ,
975 3387 1045 3461 quae
1072 3367 1204 3436 Lutetia
1225 3364 1333 3439 haberi
1346 3389 1414 3437 noa
1441 3388 1619 3463 potutrmt.

272 3465 335 3533 Hae
349 3468 462 3559 utique
480 3454 716 3530 observationes
727 3483 802 3530 cum
816 3458 885 3529 aliis
903 3465 925 3531 a
948 3467 994 3536 D.
1018 3458 1151 3531 Calltno
1166 3465 1327 3534 annotatis
1338 3461 1466 3534 collata
1484 3461 1616 3553 filerunt,

267 3581 408 3652 quatum
422 3557 491 3628 dua
504 3552 612 3629 meuse
627 3552 789 3642 Ostobri,
808 3556 860 3626 die
872 3560 1026 3629 nimitum
1047 3585 1084 3648 14
1103 3566 1137 3630 dc
1150 3583 1211 3647 30,
1231 3565 1325 3630 tertia
1341 3559 1393 3628 die
1410 3586 1452 3630 tt
1471 3563 1615 3633 Novem·

269 3648 335 3723 bris
367 3651 439 3725 sunt
466 3649 571 3726 salla.
602 3656 709 3724 Prima
732 3675 771 3722 ex
803 3655 840 3721 iis
871 3659 1032 3748 praevertit
1059 3652 1317 3727 observationem
1336 3656 1481 3753 priorem
1512 3650 1614 3729 insula

269 3744 310 3811 dr
325 3749 359 3814 la
372 3744 602 3845 Gardaeloupry
617 3746 753 3834 diebus,
776 3744 944 3840 secunda9
966 3747 1074 3822 diebus
1095 3774 1132 3822 ca
1145 3748 1371 3850 posteriorfuit
1383 3804 1396 3838 ‚
1409 3754 1613 3827 &anuuit

269 3844 452 3913 Martinicae
470 3841 614 3914 habitam
636 3867 667 3910 21
686 3841 805 3919 diebus.

321 3936 580 4009 Revolutionum
595 3963 744 4010 numerus
771 3944 805 4010 in
824 3964 1026 4042 unoquoque
1048 3948 1203 4041 temporis
1223 3941 1393 4013 interuallo
1415 3946 1517 4017 initur
1536 3944 1608 4033 ,esu

270 4029 363 4103 simul
380 4042 414 4107 δι
438 4057 664 4130 computatum
683 4058 841 4130 quantum
859 4047 1013 4137 temporis
1036 4038 1162 4137 singulae
1174 4042 1334 4135 exigerent
1349 4035 1396 4123 ,si
1419 4038 1607 4138 inequalit-

265 4151 338 4202 tum
358 4133 506 4201 omnium
524 4153 595 4226 qua
609 4155 680 4204 rum
693 4132 849 4227 chove‚
872 4157 942 4208 turn
959 4159 997 4207 er
1021 4135 1098 4208 Sole
1118 4139 1264 4206 oriuntur
1283 4135 1429 4231 quadam
1445 4132 1536 4209 fieret
1553 4158 1602 4207 -rt-

265 4223 314 4296 lut
332 4221 573 4326 compensatio,
594 4226 777 4323 &aquales
789 4226 953 4303 efficerent
971 4233 1196 4304 revolutiones
1228 4229 1289 4301 Sed
1306 4230 1605 4327 temporiburmo·
1657 4286 1659 4299 .

263 4318 428 4393 lutionum
448 4327 482 4391 in
496 4323 644 4417 quolibet
665 4322 756 4421 spatii
776 4328 932 4421 interjecti
952 4326 1122 4399 intervallo
1141 4334 1223 4397 inter
1236 4321 1265 4396 se
1289 4334 1504 4427 comparatis?
1657 4376 1659 4413 ,

261 4417 340 4487 darn
355 4417 821 4517 occurreruntinaquaiiutes,
842 4446 912 4518 quae
927 4422 1087 4521 quantum
1099 4420 1165 4492 heti
1183 4427 1308 4520 potuit,
1324 4348 1603 4518 τῳδῆτκτῗιττ
1656 4428 1660 4499 l

259 4512 456 4603 distributa,
478 4513 559 4585 adeo
571 4539 608 4586 ur
619 4512 769 4612 qualibet
785 4518 945 4590 revolutio
959 4544 1085 4592 motum
1096 4517 1187 4589 suum
1207 4517 1383 4589 accelerare
1400 4512 1466 4595 visa
1482 4512 1520 4592 fit
1533 4517 1603 4590 due·
1655 4509 1660 4645 l

261 4601 389 4682 butam
403 4610 503 4684 tribus
517 4608 689 4700 secundis,
709 4607 763 4682 ubi
780 4639 855 4685 cum
870 4617 1059 4712 praecedenti
1072 4616 1134 4687 fuit
1146 4615 1274 4690 coliata.
1658 4648 1660 4659 ·

303 4709 352 4813 ‘ld
394 4712 677 4808 noquetomperit
698 4712 744 4783 D.
761 4707 880 4824 Calsrpi
902 4713 1035 4782 eandem
1051 4656 1605 4822 accelerationirqdmgffl

256 4793 354 4905 Ψ
417 4803 916 4906 wicpumbmadmnm
929 4803 1030 4908 usque
1047 4808 1249 4886 Deoroebm
1655 4834 1660 4879 ,

1656 4892 1660 4945 l
