3646 5430
417 347 458 416 ἰι
739 333 932 408 RE-GlAE
979 325 1438 405 SCIENTIARUM

286 430 402 513 blau.
420 457 517 508 raneo
528 428 695 530 proficisci.
721 436 785 504 Vix
800 437 887 502 enim
901 430 1012 501 tandiu
1027 423 1221 498 subterranei
1232 431 1318 525 ignes
1360 428 1508 498 erstatent
1521 445 1603 496 terra
1616 419 1773 512 conclusi,

287 545 382 618 1667.
421 530 475 601 ubi
491 528 595 600 nullus
607 527 673 600 fere
685 531 728 600 est
742 532 805 597 a'e‘ri
823 526 935 604 locus,
959 533 992 598 &
1006 531 1090 596 intra
1103 517 1318 592 subterraneas
1332 451 1438 617 lpccus
1462 527 1602 594 coerceri
1615 548 1680 594 non
1699 518 1776 618 pos·

328 636 361 698 &
422 625 511 713 sunt,
526 630 604 722 quin
617 622 731 722 seipsos
740 624 853 718 aliquo
866 623 986 693 indicio
997 620 1144 719 prodant.
1170 621 1252 688 Sunt
1263 619 1393 712 quidem
1403 618 1551 688 multisin
1561 618 1639 689 locis
1647 642 1777 689 montes

288 727 375 799 1668.
418 722 585 808 ardentes,
598 716 649 790 sed
663 726 744 818 ignis
762 717 815 788 ille
830 718 952 788 nonest
968 735 1138 815 perpetuus
1152 767 1163 801 ,
1177 736 1282 808 neque
1298 716 1331 782 in
1346 712 1451 785 Gallia
1461 709 1597 787 ullisunt
1609 715 1702 812 hujus
1713 737 1776 813 ge.

416 823 501 892 neris
515 839 662 901 montes,
682 811 807 885 tametsi
821 812 1067 910 quamplurima
1080 809 1212 879 thermae
1225 831 1407 879 occurrunt.
1786 848 1789 855 ·

472 919 533 984 111.
554 915 609 983 Nc
629 909 709 980 illud
723 911 855 1006 quidem
875 904 1071 979 concedebat
1091 903 1288 975 thermarum
1301 904 1442 976 calorem
1462 933 1499 977 ex
1515 906 1672 981 bitumine
1688 967 1698 997 ,
1712 904 1778 982 sul-·

414 1008 541 1112 phirre,
560 1029 614 1077 aut
636 1011 724 1076 nitro
741 1029 890 1090 manare,
906 1028 980 1073 cum
995 1001 1061 1071 haec
1075 1001 1239 1072 mineralia
1250 998 1392 1070 calorem
1405 1027 1495 1097 aquae
1511 1010 1693 1100 imprimere
1705 1029 1778 1083 non

414 1100 560 1204 poffint,
577 1098 632 1171 nifi
647 1098 909 1186 inflammentur,
929 1120 1066 1194 tumque
1078 1121 1144 1167 non
1162 1099 1300 1165 minores
1311 1094 1440 1168 ederent
1454 1101 1569 1195 strages
1583 1103 1683 1196 qu'am
1703 1101 1779 1198 pula

414 1204 464 1272 vis
477 1202 589 1294 Pyrius
608 1191 758 1267 accensus
783 1200 817 1266 in
843 1193 1009 1267 cuniculis.
1036 1191 1153 1264 Multis
1169 1194 1202 1259 in
1216 1190 1328 1260 locise
1352 1214 1435 1262 terra
1449 1218 1621 1288 erumpunt
1640 1195 1780 1267 bitumi-

414 1318 479 1382 na,
505 1289 558 1364 sed
580 1317 618 1363 ea
639 1316 699 1365 nec
722 1289 823 1365 calida
848 1286 945 1379 sunt,
970 1312 1031 1361 nec
1061 1290 1174 1360 vicinis
1199 1283 1342 1359 fontibus
1367 1286 1508 1361 calorem
1527 1287 1628 1361 ullum
1649 1297 1776 1390 irnper-

419 1392 517 1464 u'unt.
911 1456 914 1462 .

464 1485 617 1585 sulphur,
631 1490 762 1585 quidem
781 1485 933 1560 minerale
950 1484 1110 1556 interdum
1126 1481 1268 1557 multrlm
1287 1483 1401 1555 caloris
1430 1486 1572 1580 concipit
1586 1488 1662 1555 citra
1677 1484 1779 1557 flam.

415 1605 505 1656 mam
519 1639 530 1669 ,
545 1607 580 1655 ut
595 1610 669 1655 cum
684 1611 773 1678 aquae
794 1584 890 1682 regali
910 1584 1107 1675 imponitur,
1121 1603 1249 1652 tantum
1270 1577 1385 1650 caloris
1408 1601 1575 1676 procreat,
1595 1602 1630 1650 ut
1641 1606 1694 1651 vas
1710 1609 1780 1653 ma·

415 1676 510 1750 nibus
528 1682 580 1748 vix
601 1683 794 1752 contrectari
816 1677 922 1776 polilt.
945 1678 1036 1749 ldem
1050 1681 1211 1746 cernimus
1224 1680 1256 1746 in
1270 1675 1382 1744 mediis
1400 1670 1588 1770 quibusdam
1612 1678 1787 1747 minerali.

417 1771 501 1859 bus,
519 1800 594 1846 cum
605 1779 638 1845 in
650 1799 735 1872 aqua
749 1775 826 1848 forti
842 1771 897 1845 fibi
912 1794 1049 1869 cognata
1063 1770 1279 1842 exsolvuntur.
1316 1768 1377 1838 Sed
1397 1793 1503 1840 utrum
1517 1766 1672 1857 ejusmodi
1686 1795 1703 1838 a
1732 1798 1780 1843 υτ

414 1872 537 1966 Stygia
553 1868 610 1943 srnt
628 1874 660 1940 in
677 1892 767 1942 terrae
782 1865 953 1940 visceribus
964 1925 972 1951 ,
984 1864 1367 1962 valdeambigimus,nec
1380 1863 1511 1938 thermae
1523 1868 1553 1932 in
1565 1859 1624 1934 suis
1634 1796 1782 1940 fontibus

415 1987 489 2034 eam
531 1990 570 2034 rae
584 1962 614 2037 se
629 1963 735 2035 ferunt
747 1968 969 2036 acrimoniam.
992 1964 1083 2058 Qin
1097 1966 1194 2031 etiam
1207 1984 1297 2054 aqua
1320 1955 1470 2058 fimplicis
1487 1960 1634 2031 admistio
1653 1967 1721 2034 vim
1735 1961 1778 2034 il.

416 2056 484 2131 lam
497 1993 721 2131 dissolventem
742 2058 832 2130 simul
851 2064 885 2130 δι
900 2057 1041 2128 calorem
1052 2054 1230 2153 plurimrlrn
1245 2059 1413 2131 minueret.

468 2160 528 2228 tv.
563 2158 682 2249 Neque
703 2156 733 2224 id
756 2181 910 2255 negamus
924 2154 1070 2252 quaedam
1082 2149 1142 2226 elle
1157 2178 1294 2254 corpora
1311 2179 1381 2250 quae
1397 2155 1485 2225 tadlu
1505 2153 1605 2225 calida
1623 2177 1781 2253 apparent

418 2253 499 2322 citra
517 2249 618 2323 ullum
632 2254 826 2327 incendium.
858 2250 1020 2348 Qasdam
1039 2274 1275 2323 commemorat
1294 2249 1447 2340 Agricola
1467 2249 1642 2322 metallicas
1663 2276 1779 2342 venas,

416 2370 492 2443 quae
509 2370 583 2418 cum
604 2345 662 2420 sint
678 2347 797 2447 frigide
808 2406 820 2437 ,
846 2373 954 2420 tamen
973 2354 1037 2418 a'c'ri
1057 2346 1203 2448 expofirae
1221 2333 1415 2418 incalescunt
1435 2374 1444 2418 a
1461 2371 1571 2418 verum
1590 2346 1779 2444 aquaethet-

418 2466 546 2516 nurum
569 2448 602 2514 in
619 2464 707 2514 terra
727 2441 794 2514 finu
807 2468 982 2540 antequam
1002 2446 1068 2512 a‘e‘ri
1088 2466 1193 2541 pateat
1209 2442 1310 2514 aditus
1323 2500 1333 2529 ‚
1348 2450 1412 2534 jam
1426 2441 1533 2513 calidae
1554 2438 1625 2515 sunt
1644 2502 1656 2534 ,
1679 2468 1781 2542 atque

418 2535 476 2609 ubi
490 2563 529 2610 ex
545 2536 636 2610 fonte
650 2543 818 2628 exierunt,
839 2539 946 2610 calore
961 2534 1019 2610 suo
1038 2542 1071 2609 in
1092 2562 1221 2633 patente
1231 2541 1303 2610 a'e're
1315 2562 1484 2614 exuuntur.

476 2641 517 2707 V.
546 2635 620 2704 lura
634 2633 766 2731 quidem
780 2631 851 2707 sunt
871 2658 1009 2730 corpora
1022 2690 1032 2722 ,
1047 2658 1117 2719 quae
1131 2660 1222 2732 aquae
1234 2639 1415 2706 interventu
1434 2634 1562 2719 calent,
1587 2660 1623 2708 ut
1643 2636 1714 2709 calx
1726 2641 1780 2709 vi-

417 2753 461 2801 va
474 2784 484 2816 ,
498 2726 642 2827 chalybis
660 2728 830 2818 limatura,
844 2734 1002 2800 Stannum
1024 2752 1140 2828 purum
1168 2757 1243 2803 cum
1265 2727 1436 2801 sublimato
1450 2738 1610 2802 mercurio
1634 2741 1666 2806 in
1691 2758 1781 2830 aqua

462 2820 608 2893 rmistum
620 2829 799 2900 communi.
824 2823 1041 2898 Sic&oleum
1052 2827 1235 2898 vitriolicui
1245 2851 1329 2921 aqna
1340 2821 1529 2914 affunditur,
1539 2828 1676 2900 multum
1687 2834 1783 2899 inca-

435 2910 510 2988 escit
530 2942 538 2988 ε
568 2914 620 2988 sed
637 2918 731 3009 hujus
745 2926 868 3017 generis
881 2944 1018 3021 corpora
1031 2926 1065 2992 in
1083 2943 1172 2992 terrae
1183 2922 1296 2993 abditis
1309 2948 1376 2992 non
1390 2944 1574 2996 occurrunt.
1596 2930 1636 2998 Et
1648 2927 1783 3023 quidem

418 3035 496 3084 cum
513 3010 710 3088 thermarum
721 3016 810 3087 calor
821 3027 885 3110 jam
900 3021 920 3087 a
934 3018 1045 3090 multis
1056 3039 1143 3088 retro
1157 3018 1273 3090 [aculis
1288 3018 1474 3091 constans&
1485 3019 1570 3089 idem
1583 3043 1783 3119 permaneat,

419 3113 462 3178 eir
477 3112 605 3205 perenni
621 3104 710 3182 caula
725 3168 737 3199 ,
750 3137 963 3210 quaecumque
972 3113 1027 3185 illa
1041 3112 1099 3200 fit,
1113 3120 1250 3184 omnino
1263 3115 1405 3184 dimanat
1419 3171 1429 3200 ,
1448 3139 1548 3193 eaoue
1571 3122 1605 3187 in
1633 3125 1786 3218 corpori·

332 3282 337 3291 ,
420 3200 482 3275 bus
497 3203 628 3277 incensis
641 3212 773 3300 reperiri
792 3213 925 3306 nequit,
944 3205 1022 3280 edm
1040 3213 1115 3306 igne
1138 3207 1206 3280 ciro
1227 3206 1432 3280 absumantur
1451 3267 1460 3296 ,
1487 3209 1537 3282 sed
1563 3236 1667 3311 neque
1689 3223 1722 3285 in
1743 3219 1783 3290 iis
1807 3269 1812 3277 -

422 3297 516 3370 rebus
527 3301 628 3389 inest,
646 3327 718 3400 quae
734 3327 844 3375 mutua
864 3307 898 3373 in
912 3300 944 3375 se
955 3307 1096 3376 invicem
1110 3307 1237 3376 abbione
1259 3303 1359 3389 retusa
1376 3311 1577 3378 continenter
1603 3299 1781 3385 immutanss

422 3416 497 3482 tur,
515 3422 652 3494 quarum
668 3399 751 3470 adeo
769 3404 851 3471 vires
864 3401 982 3472 eaedem
996 3405 1202 3475 &continua
1216 3398 1355 3473 ellenon
1376 3398 1512 3497 poliunt.
1555 3404 1658 3478 Causa
1681 3416 1780 3505 igitur

421 3495 569 3589 perennis
580 3492 663 3565 illius
675 3494 789 3569 caloris
799 3520 867 3567 non
878 3494 954 3569 alibi
964 3494 1066 3598 posita
1079 3497 1204 3567 videtur
1224 3554 1233 3579 ,
1252 3495 1354 3594 quim
1369 3501 1401 3566 in
1421 3495 1520 3567 fumis
1532 3523 1586 3572 aut
1606 3506 1781 3600 vaporibus

308 3654 312 3661 .
420 3591 482 3680 qui
495 3592 526 3657 in
542 3585 803 3684 profundioribus
813 3615 904 3664 tetrae
922 3597 1020 3666 antris
1031 3589 1102 3664 sunt
1115 3591 1237 3691 copiosi
1255 3648 1267 3679 ,
1282 3614 1318 3662 ut
1332 3597 1352 3663 ii
1366 3597 1590 3686 experiuntur,
1608 3603 1666 3691 qui
1677 3604 1710 3670 in
1725 3597 1782 3672 fo.

422 3682 504 3752 dinis
521 3687 698 3783 Hungariae
720 3687 850 3759 metalla
875 3684 1046 3763 effodiunt.
1071 3693 1153 3787 Qae
1178 3696 1305 3788 rupium
1321 3698 1516 3761 cavernas&
1543 3713 1632 3762 terrae
1656 3721 1782 3770 meatus

424 3777 568 3874 pervadit
587 3804 671 3875 aqua
687 3785 725 3851 iis
738 3783 911 3878 vaporibus
924 3781 1005 3856 foeta
1023 3841 1034 3873 ,
1055 3808 1130 3854 eum
1147 3784 1286 3854 calorem
1303 3791 1429 3858 retinet.

482 3876 542 3944 Vl.
580 3875 665 3944 Rem
676 3880 720 3944 ita
732 3875 793 3946 elle
807 3877 916 3947 multis
929 3877 1105 3950 rationibus
1125 3875 1298 3951 suadebat:
1318 3878 1462 3976 primtlm
1481 3890 1569 3954 enim
1582 3884 1781 3963 thermarum

311 4000 319 4013 ·
424 3988 509 4135 agua
524 3969 590 4131 igni
604 3969 736 4040 admota
749 3993 815 4041 non
831 3967 926 4042 citirls
946 3971 1082 4062 ebullit,
1094 3977 1284 4073 quamaqua
1296 3984 1478 4048 communis
1494 3988 1526 4049 &
1539 3981 1674 4077 frigida,
1690 3987 1782 4081 quod

425 4088 463 4136 ca
477 4087 513 4134 or
526 4068 536 4132 i
551 4062 579 4134 le
597 4086 696 4158 quern
709 4070 740 4134 in
751 4088 842 4171 με
857 4065 970 4141 abditis
983 4076 1134 4167 concepit
1148 4097 1232 4167 aqna
1246 4128 1256 4159 ,
1274 4096 1341 4142 non
1354 4070 1396 4142 ab
1409 4077 1481 4170 igne
1498 4072 1712 4158 subterraneo,
1727 4084 1782 4158 sad

424 4157 613 4260 {spermillis
628 4163 747 4231 oriatur
767 4160 940 4261 vaporibus
955 4170 1013 4263 qui
1029 4170 1109 4262 ignis
1126 4173 1159 4234 vi
1183 4168 1287 4237 statim
1305 4167 1480 4243 difflantur.
1514 4174 1664 4268 Liquoris
1679 4183 1780 4270 parti.

426 4256 505 4327 culae
521 4257 590 4352 quo
605 4252 674 4324 sunt
689 4257 896 4347 mobiliores,
917 4260 981 4332 hoc
994 4259 1089 4334 cititls
1104 4260 1274 4336 ebulliunt.
1310 4266 1363 4333 Sic
1377 4264 1485 4336 oleum
1500 4272 1592 4337 citius
1604 4293 1701 4362 quam
1716 4271 1782 4364 lac,

426 4345 574 4451 spiritum
591 4354 657 4421 vini
671 4349 795 4425 neilus
811 4379 909 4450 quam
923 4361 989 4429 eius
1010 4357 1184 4457 phlegma,
1207 4366 1352 4457 &aquas
1367 4359 1482 4433 salibus
1502 4360 1692 4434 terrestribus
1715 4395 1784 4438 rm-

424 4466 601 4545 praegnatas
619 4448 736 4518 tardius
749 4476 847 4547 quam
862 4478 954 4549 puras
963 4451 1096 4525 ebullire
1113 4459 1284 4529 cernimus.
1318 4459 1371 4528 Sic
1383 4483 1474 4552 aquae
1489 4458 1653 4530 minetales
1666 4458 1784 4538 salibus

427 4562 559 4612 terrenis
582 4539 688 4620 foerae,
718 4570 854 4640 quaque
867 4545 910 4617 ob
927 4576 1085 4649 vaporum
1100 4552 1323 4624 admistionem
1345 4553 1540 4626 incalescunt
1564 4613 1574 4642 ,
1597 4582 1666 4625 non
1690 4568 1785 4634 trtius

427 4632 539 4753 effervr
548 4630 638 4707 scunt
652 4643 735 4735 ignis
749 4640 856 4711 calore
869 4642 971 4738 quarn
990 4672 1074 4749 aqua
1087 4672 1166 4754 puta
1179 4658 1211 4726 &
1224 4650 1361 4749 frigida,
1378 4653 1469 4755 quud
1481 4675 1591 4749 tatum
1600 4677 1784 4751 patttsnou

431 4750 521 4845 ,atque
539 4728 600 4832 sint
619 4735 661 4811 ad
672 4759 802 4834 nautum
814 4741 977 4838 expedita,
1225 4752 1236 4761 '
