3646 5430
291 432 346 503 ²3²
600 405 797 489 REGIAE
850 394 1302 489 SC‘IEN'TIARUM
1598 496 1602 501 ,

162 508 276 589 Arrii.
289 503 486 577 tantumdem
499 497 569 577 salis
584 505 765 571 communis
774 497 865 569 simul
877 509 910 571 dc
923 501 1012 570 crudi
1024 505 1134 571 tartari
1146 501 1304 592 adjestum
1313 494 1385 569 fuir.
1412 499 1496 570 Haec
1506 495 1568 566 vali
1580 511 1639 567 ωέ

162 604 255 694 1684.
291 624 369 701 preo
381 596 514 669 furnulo
530 595 640 666 balnei
652 596 753 666 roridi
772 596 817 679 est
843 593 990 692 imposita
1008 649 1020 681 ,
1037 616 1108 664 tum
1131 619 1214 688 aque
1240 593 1377 692 limpidae
1397 603 1430 666 δι
1453 595 1547 663 omni
1575 589 1642 662 sale}

155 706 159 713 ’
289 718 389 767 exutae
428 718 498 791 pars
529 701 632 785 major
658 690 797 764 stillavit.
847 694 954 786 Atque
973 702 1017 760 'ui
1051 689 1202 762 nonnihil
1221 688 1292 760 salis
1323 685 1358 759 su
1401 686 1494 758 resset
1520 741 1533 772 ,
1572 708 1642 759 non·

222 761 245 798 Ι
289 814 459 890 propterea
471 784 634 861 insalubris
648 786 732 857 foret
745 809 830 882 aqua
843 812 932 859 :non
948 790 1035 857 enim
1048 780 1092 856 sal
1109 786 1173 885 ipse
1185 808 1281 857 nocet
1293 841 1305 874 ,
1317 790 1350 856 ni
1362 810 1374 854 r
1386 784 1475 857 forte
1490 789 1526 855 iu
1543 786 1637 855 nimir

317 907 482 958 uantrtare.
877 930 880 935 -

291 902 317 984 q
376 984 451 1052 uod·
470 1005 623 1056 tartarum
642 979 776 1053 crudum
797 979 920 1078 praestat
940 1038 950 1068 ,
973 983 1007 1050 id
1034 976 1137 1078 ipsum
1163 976 1268 1052 Alcali
1293 976 1429 1076 quodvis
1450 969 1631 1047 effetentur

291 1077 381 1148 censi·
407 1101 461 1165 at,
482 1082 580 1176 idque
591 1104 652 1149 una
666 1102 740 1147 cum
753 1075 813 1148 sale
828 1079 1039 1169 conjunctum
1056 1099 1192 1175 praeceps
1209 1071 1377 1156 casurum,
1398 1081 1433 1147 δι
1455 1094 1547 1166 aquae
1570 1069 1628 1139 dul.

293 1178 338 1242 cis
352 1171 587 1244 distillationem
608 1171 787 1244 faciliorem
804 1171 1011 1246 redditurum.
1034 1177 1143 1268 Qarn
1161 1167 1350 1240 affinitatem
1363 1162 1625 1256 iilirnitrostrum

292 1263 357 1349 ¹sale
376 1268 742 1366 communiJoachimur
768 1273 894 1345 Becrret
908 1272 1045 1365 agnovit
1064 1273 1098 1337 in
1114 1264 1252 1337 secundo
1275 1262 1500 1363 supplemento
1511 1262 1551 1333 ad
1564 1258 1626 1357 rhy-

295 1359 392 1434 ficam
406 1361 637 1436 subterraneam
649 1389 736 1434 anno
749 1382 823 1451 ¹⁶75
843 1362 1042 1432 Francofurti
1055 1363 1152 1435 edito.
1181 1361 1243 1430 Sal
1260 1382 1436 1441 commune,
1458 1360 1584 1456 inquit,
1596 1346 1625 1420 tl
1676 1428 1678 1465 Ι

296 1461 422 1546 Αἱιξαίὶ
442 1458 539 1526 oaldi
555 1461 735 1558 expetitur,
763 1457 831 1532 cic.
879 1461 1003 1554 Magna
1019 1483 1097 1531 vero
1117 1457 1210 1553 hujus
1228 1459 1352 1556 generis
1366 1451 1437 1529 salis
1449 1457 1542 1555 copia
1560 1454 1627 1526 tenui

295 1547 424 1651 sumptu
445 1554 553 1626 haberi
594 1557 692 1629 orest.·
711 1591 736 1605 ·—
1136 1606 1141 1611 -

343 1657 401 1725 111.
430 1583 597 1724 Nonnulli
614 1659 696 1722 circa
709 1650 791 1723 hanc
803 1677 922 1748 aquarn
934 1647 1018 1721 sada
1032 1649 1102 1722 sunt
1111 1653 1336 1748 experimenta.
1352 1653 1431 1755 Q
1442 1649 1548 1743 primo
1559 1652 1632 1739 exiit,

293 1744 417 1817 nullum
435 1743 676 1844 praeseferebat
691 1746 856 1845 saporem,
876 1771 949 1842 qaae
957 1745 1076 1821 ultimo
1088 1744 1240 1835 stillabat,
1254 1745 1441 1842 heliotropii
1452 1736 1579 1813 succum
1587 1768 1632 1815 ru·

289 1838 353 1911 beo
369 1841 479 1911 colore
497 1838 664 1940 tingebat:
682 1842 769 1939 quod
789 1870 855 1915 non
871 1841 993 1937 ptaestat
1008 1867 1092 1940 aqua
1110 1837 1163 1911 sali
1184 1845 1350 1913 communi
1361 1837 1530 2007 'permista
1560 1846 1633 1938 Qut

290 1959 364 2007 cum
377 1933 448 2029 salis
468 1939 655 2009 admistione
671 1962 755 2034 aqua
767 1935 830 2011 fuit
848 1935 994 2008 distillata
1016 1946 1050 2012 δι
1066 1935 1174 2036 gelido
1194 1940 1261 2009 a'e'r'i
1276 1962 1360 2036 expo
1372 1958 1419 2007 rra
1432 1980 1446 2022 ,-
1459 1933 1635 2034 ingheim

288 2037 475 2119 concrevit,
494 2058 559 2101 non
573 2037 651 2104 item
664 2057 748 2127 aqua
761 2058 835 2103 cum
856 2028 918 2101 sale
932 2039 965 2102 δι
985 2033 1085 2104 crudo
1101 2054 1222 2103 tartaro
1241 2035 1413 2128 conjunsta
1439 2066 1452 2124 ς
1475 2037 1523 2105 uri
1543 2057 1637 2132 reque

288 2151 372 2294 affin
388 2166 399 2212 ,·
414 2125 531 2304 ειιίιὲῑ
554 2150 704 2197 unacum
717 2128 828 2201 eadem
842 2126 922 2197 sodae
936 2133 1113 2223 quantitate
1135 2127 1285 2201 admistus
1302 2127 1391 2216 fuit,
1415 2153 1487 2201 non
1504 2131 1595 2231 eninr⁸
1605 2154 1638 2201 ta

358 2246 438 2299 ,(011
511 2243 629 2305 Ιὲἱᾶι..
678 2294 741 2305 ,,..,.
838 2296 850 2303 ..
888 2298 891 2303 .
977 2296 984 2305 .
1242 2302 1247 2307 .
1365 2302 1396 2309 ..
1429 2306 1433 2311 ,

340 2321 406 2395 lv.
438 2247 531 2392 ξΤιιιη
560 2329 714 2425 temporis
741 2319 763 2394 li
789 2347 902 2398 uorem
929 2319 1071 2424 ampulld
1097 2324 1199 2394 vitrei
1223 2343 1413 2394 contentum
1439 2316 1582 2396 exhibuit
1600 2326 1640 2397 D.

296 2411 437 2502 Caisrni,
450 2422 506 2510 qui
519 2347 809 2518 sublatoopercuio
821 2420 928 2493 fumos
950 2424 1151 2491 continenter
1170 2417 1348 2490 emittebat}
1377 2421 1483 2489 Hunc
1493 2416 1640 2515 liquorem

297 2531 336 2579 ex
351 2509 521 2583 sublimato
541 2568 552 2600 ,
574 2514 739 2587 stanno&
767 2518 933 2586 Mercurio
960 2540 1043 2614 puto
1066 2511 1241 2587 conflatum
1263 2511 1323 2585 else
1341 2510 1448 2585 aiebat
1483 2518 1531 2589 D.
1547 2511 1640 2588 Borel.

300 2608 375 2699 Qa
389 2608 428 2676 de
441 2616 551 2696 teiam
564 2607 654 2708 supra
668 2613 818 2681 diximus.

358 2709 400 2793 Y.
427 2705 489 2774 Vix
504 2728 648 2800 unquam
670 2707 748 2801 aliis
771 2728 821 2778 tot
838 2705 929 2797 sadlae
950 2704 1021 2782 sunt
1040 2713 1186 2810 stirpium
1207 2703 1434 2806 descriptiones
1448 2715 1483 2782 dc
1500 2701 1645 2805 analyses.

299 2799 373 2868 L'on
397 2806 453 2867 iim
471 2790 677 2871 ellet'eatum
690 2793 872 2900 catalogum
895 2827 1066 2878 contexere
1087 2820 1166 2903 'quaa
1192 2808 1237 2876 D.
1254 2802 1526 2899 Bourdelin.ignis
1544 2801 1646 2874 calone

298 2820 451 2979 ruebit,
473 2908 529 2964 rut
548 2906 752 2993 earumqu'ae
764 2896 867 2989 studio
882 2902 928 2970 D.
949 2901 1124 2998 Marcbant
1144 2924 1183 2974 ex
1199 2898 1384 2997 regionibus
1398 2901 1506 2971 exierit
1521 2894 1646 2982 allrtae,

299 2986 451 3073 exculta,
472 2990 683 3081 &delineata
696 2990 836 3066 fuerunt·
1189 3048 1192 3053 -
1435 3062 1439 3071 .

301 3115 307 3124 ·
344 3089 417 3194 Vl.
445 3082 569 3158 Placuit
581 3084 759 3176 acetosum,
781 3097 828 3162 uti
844 3102 878 3168 ur
899 3090 1051 3193 quasdam
1066 3094 1144 3166 alias
1167 3090 1280 3166 herbas
1309 3099 1451 3192 primum
1469 3088 1622 3165 οἴκατε
1634 3119 1646 3177 ,

299 3196 371 3251 tum
391 3203 426 3249 rn
446 3202 531 3276 aqna
557 3206 717 3253 macerare
732 3212 740 3255 :
758 3183 800 3254 fic
814 3218 842 3284 5.
859 3189 991 3262 acetosa
1015 3189 1101 3261 librae
1117 3193 1150 3259 in
1163 3187 1277 3261 umbra
1288 3189 1448 3261 exficcetae
1466 3244 1479 3278 ,
1504 3197 1538 3261 δι
1553 3189 1592 3260 ad
1612 3212 1642 3276 r,

298 3278 409 3355 uncias
424 3294 502 3346 curn
510 3270 636 3355 semisse
647 3278 780 3350 redacta
798 3286 833 3361 in
854 3303 889 3364 61
903 3311 993 3384 aqua
1007 3285 1150 3358 fontana
1161 3289 1264 3355 unciis
1277 3307 1467 3373 macerate,
1495 3287 1530 3357 in
1540 3282 1644 3358 babeo

298 3372 409 3442 rorido
422 3396 476 3470 pet
490 3373 624 3465 biduum
635 3375 852 3475 indigestione
864 3379 934 3454 sunt
944 3381 1077 3473 cellola.
1100 3386 1219 3482 Qiex
1228 3384 1265 3450 iis
1275 3382 1417 3481 liquores
1431 3384 1531 3477 primi
1542 3385 1642 3465 exiere,

297 3462 405 3538 lacieo
432 3467 543 3540 colore
569 3465 735 3561 sublimati,
746 3469 939 3550 solutionem
963 3475 1178 3567 imbuerunt,
1199 3474 1475 3550 virtiolumdaro
1497 3478 1643 3549 tinxerint

298 3563 419 3642 colore.
453 3568 614 3733 Ἑνεῐο
630 3588 686 3665 per
710 3589 863 3644 retortam
888 3575 1020 3644 eductus
1042 3576 1087 3645 est
1113 3573 1250 3671 liquor,
1274 3598 1337 3646 una
1361 3597 1438 3644 curn
1459 3567 1642 3672 spirirublir

298 3661 469 3732 multume
517 3660 621 3747 rbuit,
637 3661 702 3731 olei
722 3691 742 3750 9
764 3663 922 3740 drachmae
938 3726 949 3756 ,
965 3667 1015 3740 sex
1029 3664 1185 3741 saliacum
1205 3675 1225 3734 2
1251 3673 1409 3742 extrastae.

351 3755 538 3828 Madefadia
560 3756 724 3854 portulaca
746 3785 760 3848 5
781 3759 935 3836 librarum
953 3766 1111 3863 pondere,
1136 3750 1321 3838 tum⁴intra
1345 3794 1358 3856 3
1390 3765 1462 3836 diet
1488 3759 1636 3844 exsiccati,

301 3851 391 3937 &ad
413 3880 427 3945 5
454 3856 562 3962 uncias
582 3851 707 3961 tedas?
726 3908 738 3940 ‚
757 3857 998 3957 tandem‘aqun
1023 3859 1148 3933 imbuta
1169 3917 1180 3950 ,
1199 3862 1276 3932 dum
1297 3892 1311 3956 5
1339 3794 1499 3934 libratum
1515 3873 1635 3957 aquit&
1676 3914 1678 3921 -

301 3944 428 4044 pondus
441 3968 457 4031 ,·
467 3968 524 4040 qur
541 3942 683 4016 exilrllatr
700 3943 771 4019 sunt
785 3948 807 4020 li
833 3974 925 4028 uores
937 3955 1077 4026 laneum
1097 3956 1241 4028 colorem
1253 3952 1414 4031 sublimati
1426 3954 1582 4029 solutioni
1592 3956 1636 4023 in·

299 4043 501 4205 peffirunt5
515 4041 672 4139 postrema
685 4048 793 4141 portio
806 3978 868 4121 sale
884 4051 1011 4125 volatili
1024 4048 1106 4123 soeta
1122 4108 1134 4143 ,
1156 4051 1220 4124 olei
1231 4079 1257 4145 4
1269 4052 1455 4144 drachmae,
1469 4047 1542 4123 salis
1553 4045 1634 4139 ferez

307 4158 346 4205 ex
371 4162 379 4205 r
403 4161 463 4209 ure.

298 4248 305 4283 ³
359 4237 452 4306 vll.
485 4232 643 4332 Qaedam
669 4241 767 4310 etiam
797 4234 1013 4340 erperimenta
1040 4249 1125 4316 circa
1153 4244 1317 4342 liquorum
1341 4245 1635 4346 coagulationem&

297 4323 576 4402 effervescentram
589 4352 710 4405 tentata
733 4332 843 4410 sunta
866 4344 913 4413 D.
942 4340 1047 4414 Borel.
1080 4365 1105 4414 r.
1131 4346 1288 4440 liutymm
1312 4345 1485 4417 antimonii
1505 4336 1636 4413 terrificae

296 4425 594 4521 1tum,&excolor
613 4428 679 4501 und
699 4455 775 4503 eum
791 4433 866 4506 oleo
881 4444 995 4530 carran
1014 4441 1048 4505 in
1069 4437 1185 4535 album·
1205 4438 1379 4534 coagulum
1396 4435 1504 4511 visum
1517 4437 1636 4509 erior-
1662 4432 1665 4439 ’

296 4514 444 4593 crescere
458 4522 653 4597 cirraullum
666 4526 817 4604 calorem.
847 4561 877 4606 2.
904 4532 994 4606 Oleo
1022 4530 1377 4609 terebinthmae'oleum
1400 4534 1526 4608 vitrioli
1547 4525 1638 4633 prii·-

304 4620 366 4689 tim
384 4616 660 4723 affirsumlnullam
678 4618 787 4696 efficit
801 4635 1083 4716 commotionem,
1103 4624 1155 4699 sed
1176 4623 1288 4701 sensui
1308 4632 1495 4720 incaluere,
1520 4643 1641 4724 eumq!

302 4708 421 4786 baculo
440 4713 663 4805 miscerentur,
689 4717 892 4795 vehementer
906 4722 1018 4798 aercius
1029 4727 1073 4795 est
1087 4722 1174 4795 calor
1189 4724 1281 4798 nullo
1295 4750 1337 4824 ap
1360 4748 1582 4814 arentem,
1592 4745 1639 4793 m·

303 4801 735 4914 hercusot-crinitam
747 4811 1132 4919 spiriuuucinttdebiliot
1147 4827 1284 4905 omino
1437 4912 1450 4925 ⁶
1531 4821 1642 4939 ‘coloe

1527 4914 1646 5015 uir&
