3646 5430
409 340 757 422 ACADEMIAE
793 339 1120 427 HISTORIA.
1161 350 1311 434 [mlv.
1479 370 1539 449 39¹

167 435 225 512 <lo
247 435 409 540 descriptae
428 497 440 527 ,
463 467 561 539 quem
586 451 632 520 D.
655 450 792 545 Hugens
807 446 962 537 tradidit,
976 453 1055 519 item
1069 448 1257 525 auriono
1274 459 1344 552 ,dr
1365 449 1538 551 quadratu·
1552 439 1663 513 W·

168 560 214 610 n
229 537 395 612 indefinita
410 543 559 612 omnium
573 540 794 640 Cyclol'dum,
817 564 957 635 quarum
969 540 1057 619 bases
1078 542 1152 620 sunt
1173 549 1363 640 circulares,
1385 572 1540 645 quecun·
1656 588 1661 597 ·

151 656 244 731 ·que
257 657 397 732 ponatur
414 637 498 706 inter
516 639 673 734 pundium
692 663 744 711 cas
766 630 970 730 describens,
990 650 1024 716 dc
1039 666 1186 716 centrum
1200 645 1312 718 circuli
1327 640 1457 719 mobilis
1477 639 1539 716 dis.
1643 708 1645 713 .

166 752 291 805 wltia-
1014 794 1017 800 ,

226 829 302 900 Nec
316 825 423 897 multo
436 830 509 926 post
529 854 677 931 tempore
699 835 902 910 evolutiones
923 838 1072 908 omnium
1089 833 1251 937 spiralium
1269 833 1422 935 cujusque
1442 863 1542 938 gene-

174 925 223 995 ris
247 923 501 1017 demonstravit,
520 930 618 1024 idque
644 933 782 1005 ostendit
801 957 914 1006 ornnes
939 932 1049 1005 evolvi
1070 940 1103 1004 in
1127 934 1296 1033 parabolas
1321 959 1388 1006 uno
1408 932 1539 1008 tanttlm

170 1021 279 1117 gradu
296 1014 503 1096 sublimiores
540 1025 642 1100 Paulo
658 1051 732 1100 ante
745 1055 805 1126 pro
829 1029 952 1101 osuerat
966 1054 1089 1101 novam
1109 1029 1300 1103 methodum
1321 1029 1472 1103 omnibus
1485 1056 1540 1103 ro-

173 1113 450 1206 deuotionibus,
464 1122 709 1218 &quadraturis
722 1056 895 1197 indellnitir
911 1125 1204 1198 accommodatam.

232 1219 302 1286 lv.
342 1216 388 1286 D.
406 1213 446 1285 de
467 1216 496 1287 la
524 1223 608 1292 Hire
629 1217 885 1320 propolitionem
902 1217 1343 1320 generalemdesediionibus
1362 1221 1538 1301 solidorum

176 1307 436 1410 Pyramidalium
459 1313 699 1391 demonstravit.

223 1407 286 1480 Sed
304 1409 339 1476 in
363 1409 476 1504 Opere
496 1408 554 1482 suo
568 1410 607 1482 de
631 1412 832 1487 Meclranicis
847 1412 912 1486 lroc
928 1435 1073 1487 vertente
1090 1438 1177 1486 anno
1197 1417 1223 1484 is
1238 1416 1439 1512 potislimum
1467 1441 1540 1490 ver.

174 1501 263 1576 satur
275 1501 331 1577 cst.
354 1503 574 1579 Theoremata
589 1515 624 1580 δε
642 1506 867 1606 problemata,
908 1536 956 1581 uo
966 1510 1007 1580 ad
1018 1509 1102 1582 hanc
1120 1508 1304 1587 Matheseos
1326 1539 1451 1612 partem
1471 1529 1540 1588 noir

173 1599 361 1697 ignobilem
375 1609 408 1672 δι
426 1598 482 1671 usu
496 1607 688 1702 precipuam
706 1599 850 1704 spcdlant
861 1663 872 1695 ,
884 1536 1079 1705 qsngillatim
1100 1604 1264 1705 exposuit,
1293 1618 1326 1684 dc
1340 1611 1543 1683 demonstra.

179 1701 241 1767 vit·
268 1703 309 1770 Et
318 1695 446 1792 quidem
460 1702 499 1771 ad
518 1724 639 1770 annum
661 1712 733 1798 1675
749 1701 859 1774 illudi
873 1702 967 1773 nobit
980 1724 1170 1773 annotatum
1187 1697 1272 1790 fuit,
1295 1710 1445 1779 Domino
1460 1704 1545 1780 Col·

173 1787 255 1863 bert
266 1793 298 1863 id
312 1793 398 1862 cordi
412 1799 570 1894 imprimit
583 1793 698 1875 suido,
715 1820 752 1868 ut
767 1799 800 1866 in
821 1796 885 1870 hoc
898 1823 979 1896 opus
997 1801 1106 1895 generi
1119 1795 1283 1889 humano,
1309 1798 1330 1871 sr
1353 1802 1430 1898 quid
1457 1801 1545 1873 aliud

134 1895 140 1911 ⁸
173 1889 280 1976 utile,
298 1889 485 1962 Academici
500 1887 733 1964 incumberent.
756 1892 893 1991 idqueai
910 1892 1019 1965 multis
1030 1912 1189 1963 tentatum
1215 1902 1248 1966 dc
1271 1900 1452 1995 inemptum
1469 1897 1543 1986 fuit,

172 2009 322 2081 quorum
335 1990 512 2058 tentamina
527 1984 586 2059 suo
609 1986 685 2057 loco
704 2012 772 2061 non
795 1987 971 2061 omisrmus.
998 1993 1078 2061 Hoc
1091 1985 1195 2088 ipsum
1217 1993 1348 2078 videtur
1373 1987 1544 2106 praestitisse

177 2087 225 2157 D·
243 2082 283 2153 cle
297 2081 328 2153 la
347 2086 430 2154 Hire
445 2086 479 2154 in
495 2083 560 2155 hoc
580 2107 701 2180 opere,
732 2085 822 2182 quod
846 2086 961 2157 eodem
980 2084 1047 2157 hoc
1070 2085 1305 2185 anno'publici
1327 2097 1405 2185 juna
1429 2087 1508 2160 fecit
1527 2123 1537 2180 ς

169 2204 285 2282 parrer
303 2183 427 2279 quippe
443 2204 556 2252 omnes
574 2177 805 2270 Mechanices,
820 2179 899 2254 crlm
920 2181 960 2252 ad
974 2204 1057 2255 artes
1079 2238 1089 2268 ,
1118 2201 1189 2251 tum
1209 2185 1249 2254 ad
1275 2180 1424 2283 Physrcas
1448 2182 1544 2257 disci-

171 2277 283 2376 plinas
291 2281 396 2376 tnagis
407 2274 590 2348 necessarias
605 2273 647 2346 stc
659 2301 734 2347 com
760 2275 886 2350 lediitur
899 2335 910 2366 ,
922 2299 962 2348 ut
972 2274 1052 2349 nibil
1068 2299 1148 2376 pene
1160 2275 1377 2376 speculatione
1393 2281 1543 2382 dignum,

174 2396 237 2446 out
246 2373 383 2447 utilitate
395 2367 460 2471 ipsa
474 2376 671 2472 precipuum
690 2376 722 2442 vi
763 2396 834 2444 atur
854 2368 1017 2450 omissum.

225 2480 270 2546 V.
295 2476 439 2543 Exmnte
453 2467 728 2570 MenseJenuatio
743 2474 789 2542 D.
801 2463 983 2557 d'Alesmc,
998 2479 1087 2562 cujus
1095 2471 1270 2544 identidem
1283 2471 1482 2544 mentionem
1489 2469 1543 2543 fe·

171 2570 305 2656 cimus,
319 2587 437 2663 typum
447 2565 590 2637 exhibuit
601 2569 711 2663 pontis
724 2565 886 2652 versantis,
902 2571 959 2665 qui
974 2563 1094 2640 scilicet
1104 2566 1275 2657 attollitur,
1286 2577 1318 2641 dt
1329 2567 1537 2665 deprimiturr

170 2661 345 2761 ingeniose
357 2666 570 2762 excogitatus,
579 2686 620 2734 ne
646 2685 684 2732 ue
695 2658 805 2732 iisdem
816 2665 903 2733 uitiis
917 2658 1075 2737 obnoxius
1088 2661 1171 2735 visus
1180 2662 1237 2751 est,
1252 2661 1368 2763 qurbos
1381 2660 1435 2732 alii
1449 2658 1543 2760 hujus

174 2764 309 2859 generis
323 2780 443 2855 pontes.
468 2686 724 2845 formamlujus
738 2761 846 2854 pontis
857 2757 1029 2831 delineavit
1043 2763 1089 2834 D.
1101 2760 1140 2831 de
1153 2757 1183 2830 lr
1200 2764 1296 2834 Hire.
1329 2758 1331 2763 ⁴
1418 2833 1421 2836 ⁴
1519 2782 1524 2788 ·

229 2857 300 2928 Vl.
324 2851 438 2927 Mense
457 2851 626 2926 Februario
646 2851 724 2923 celtn
744 2858 789 2927 D.
804 2851 943 2952 Galloys
958 2853 980 2924 a
997 2857 1044 2931 D.
1057 2858 1226 2955 varignon
1241 2855 1273 2925 id
1287 2848 1485 2956 pollulall'et,
1504 2875 1541 2928 ut

173 2952 269 3068 plani
281 2949 426 3023 inclinati
440 2948 631 3051 prelsronern
644 3005 654 3036 ‚
667 2946 747 3020 culm
760 2951 897 3020 dire&io
912 2953 956 3020 est
965 2950 1068 3050 plano
1082 2948 1242 3054 parallela,
1254 2950 1498 3038 demonstraret,
1508 2946 1540 3022 id

174 3073 213 3121 un
226 3046 399 3131 omnibuS,
416 3073 487 3145 qua
501 3049 674 3142 excogitati
688 3045 816 3142 possunt
834 3047 1060 3119 directionibus
1076 3047 1119 3120 ab
1135 3070 1177 3118 eo
1187 3045 1250 3120 fuit
1263 3046 1540 3134 demonstratum,

177 3142 275 3216 simul
290 3137 449 3213 ostensum
465 3143 543 3237 quid
558 3167 594 3210 ea
608 3146 640 3210 in
655 3166 688 3209 re
708 3141 861 3237 peccasset
875 3139 1046 3218 Cartefius.

227 3244 318 3312 VII.
354 3235 467 3310 Mense
485 3241 610 3307 Martio
633 3241 762 3308 ineunte
780 3238 866 3308 idem
886 3239 1145 3326 demonstravit,
1170 3262 1234 3334 qua
1256 3239 1466 3338 proportione
1486 3261 1545 3307 ra-

176 3341 251 3411 dius
267 3333 402 3434 sphaerae
416 3360 470 3434 per
485 3330 575 3404 suum
594 3336 757 3428 gravitatis
773 3355 920 3403 centrum
935 3335 1092 3406 dividatur
1113 3390 1124 3421 ,
1143 3341 1229 3427 juxta
1249 3330 1451 3432 hypothefim
1467 3331 1543 3400 vul-

174 3455 426 3602 illif‘lissl’
438 3427 1259 3615 tltlli}ll.bailliis.illisis&
1272 3450 1461 3590 iiiiii&
1478 3427 1540 3591 li.

178 3648 220 3697 ut
236 3626 353 3694 radices
374 3622 579 3693 altitudinum
590 3549 828 3689 llamonstravit.
870 3620 950 3688 Hoc
975 3621 1088 3714 utique
1104 3617 1148 3685 est
1172 3615 1260 3711 quast
1283 3618 1421 3712 primum
1447 3613 1540 3704 hujus

176 3720 342 3805 scientiae,
358 3742 429 3814 quae
446 3721 529 3787 circa
546 3738 672 3784 motum
686 3734 843 3804 aquarum
857 3707 1021 3798 versatur,
1042 3713 1236 3811 principium
1252 3767 1262 3797 ,
1279 3709 1366 3805 quod
1381 3705 1539 3804 nusquam

176 3817 435 3888 demonstratum
449 3807 538 3881 fuisse
550 3810 705 3878 existimat
717 3861 727 3891 ,
740 3802 792 3874 scd
809 3810 1001 3905 experientia
1023 3807 1249 3879 tantummodo
1266 3801 1540 3902 comprobatum:
1675 3835 1677 3840 ·

178 3912 267 3985 adeo
288 3935 322 3981 ut
347 3915 430 3979 inter
453 3908 607 4003 principia
632 3901 673 3972 ab
705 3898 855 3972 omnibus
885 3902 1107 3975 constituatur.
1154 3905 1227 3974 Nec
1249 3924 1355 3972 tamen
1379 3899 1463 3973 illius
1488 3928 1541 3975 ra-

176 4013 232 4084 tio
246 4008 421 4076 admodum
435 4004 478 4073 est
492 3998 677 4084 recondita,
695 3993 747 4065 sed
760 3991 931 4068 srmilitudo
945 4002 956 4067 i
980 3994 1115 4092 sahujus
1127 3994 1305 4069 velocitatis
1324 4020 1398 4067 cum
1417 4021 1454 4067 ea
1469 4023 1538 4096 quae

178 4102 362 4179 accelerato
377 4093 475 4197 lapsui
487 4121 596 4192 aquae,
610 4093 651 4164 ab
665 4087 731 4189 ipsa
744 4091 845 4161 sontis
857 4023 1018 4190 superscie
1031 4094 1069 4162 ad
1084 4091 1152 4163 tubi
1164 4090 1322 4163 orificium
1338 4089 1435 4187 usquc
1447 4097 1539 4182 inest,

178 4196 225 4274 ab
241 4195 445 4292 inqtrifitionc
457 4191 549 4285 hujus
565 4194 695 4261 rationis
714 4210 826 4256 omnes
839 4189 989 4258 deterruit
1002 4215 1011 4260 :
1026 4186 1116 4284 quod
1130 4211 1204 4258 earn
1220 4212 1256 4259 ut
1274 4182 1425 4259 efficium
1446 4189 1540 4282 hujus

177 4293 420 4370 accelerationis
433 4295 465 4361 in
481 4287 580 4358 oculis
592 4284 779 4367 habuerint,
794 4303 892 4380 atque
904 4280 964 4353 hac
979 4307 1040 4354 una
1054 4286 1106 4355 vii
1121 4286 1278 4355 rationem
1294 4281 1387 4377 hujus
1398 4306 1538 4380 propot-

177 4393 280 4466 tionis
293 4385 463 4484 quqsrerint
480 4408 574 4474 ,quae
591 4404 626 4452 ut
638 4399 757 4451 naturae
771 4374 812 4446 srt‘
823 4374 1032 4451 consentanea
1051 4437 1062 4468 ,
1084 4377 1172 4451 forte*
1193 4402 1300 4449 tamen
1322 4403 1389 4448 non
1415 4377 1458 4445 est
1482 4404 1539 4474 ge·

179 4493 303 4572 nuina,
318 4481 376 4553 nec
391 4486 467 4553 trita
480 4476 573 4578 ipsrus
591 4499 708 4546 naturae
724 4477 784 4542 via.
812 4479 928 4569 ltaque
938 4476 969 4544 id
979 4480 1095 4546 acriori
1107 4478 1217 4544 animo
1230 4473 1364 4544 advertit
1384 4528 1394 4558 ,
1411 4476 1480 4567 quis
1500 4471 1539 4545 fit

177 4604 274 4682 apua
293 4579 428 4649 moturi
442 4575 521 4646 tubo
534 4575 675 4643 exeuntis
694 4604 704 4658 3
728 4590 868 4666 cumque
880 4593 965 4666 aqua
986 4575 1019 4641 in
1040 4575 1131 4642 omni
1151 4567 1204 4639 sua
1218 4568 1416 4665 longitudine
1429 4572 1539 4638 conti-

177 4683 340 4754 nuitatem
360 4672 449 4747 suam
470 4691 620 4754 tueatur,
638 4688 709 4761 quae
723 4660 850 4735 summo
862 4665 939 4736 loeo
956 4669 1024 4754 est,
1046 4666 1158 4736 eadem
1180 4664 1337 4736 celeritate
1360 4657 1537 4752 descendit,

175 4797 332 4886 ppqueea
344 4795 415 4873 qua
431 4764 545 4843 infimo
562 4767 597 4839 in
608 4761 686 4838 loco
699 4759 744 4833 est
759 4757 861 4860 pofita
872 4816 886 4854 ,
899 4760 1022 4837 nullam
1039 4763 1120 4834 adeo
1138 4755 1200 4864 eise
1214 4765 1249 4832 in
1263 4755 1343 4831 tubo
1362 4753 1432 4859 ipso
1441 4783 1538 4848 acco,

226 4874 339 4931 ,κα
