3646 5430
406 380 449 456 86
684 366 924 444 'REGIAE
982 363 1460 442 SCIENTIARUM

274 477 389 553 'llum
409 461 520 550 clatill'.
532 454 703 546 ¹Eithausto
730 472 851 563 qnippe
867 468 940 535 a'e're
959 491 1044 561 aqua
1072 488 1245 563 expurgata
1267 465 1286 533 ὲ
1312 458 1455 565 sy-plione
1471 487 1507 535 ut
1524 465 1558 535 in
1572 463 1646 536 a‘c’te
1664 464 1794 543 cond-t

277 590 367 671 ¹⁶⁶9·
408 571 629 655 nenterlluit,
646 590 681 638 ut
698 567 736 634 de
758 557 957 658 suspensione
980 562 1169 659 hydrargyri
1196 570 1228 632 dt
1252 582 1344 653 aqua:
1366 560 1445 630 nihil
1471 562 1601 634 dicam„
1619 563 1792 638 substan-¹

336 674 339 681 ’
408 673 488 739 tiam
503 669 592 738 illam
604 670 675 734 a'c'te
687 658 886 731 subtiliorem
897 654 958 728 else
976 655 1052 726 hinc
1066 657 1189 753 liquet,
1204 655 1293 752 quod
1304 660 1428 727 vitrum
1438 679 1579 753 penetret
1590 683 1602 727 τ
1613 654 1793 762 sedlongdj

408 759 536 839 crassior
552 761 596 831 cll
612 757 747 831 aetherea
767 751 934 824 sttbstantia
954 777 1030 823 cum
1042 753 1125 822 illius
1141 758 1244 824 motui
1264 776 1331 821 nott
1347 757 1439 822 omni
1452 777 1489 821 ex
1505 777 1593 851 parte
1615 753 1782 855 obsequa-

408 881 460 930 tur
483 915 493 943 ,
519 859 642 952 alioqui
663 855 767 948 gravis
793 874 830 920 ea
853 873 919 917 non
936 845 1023 920 esset.
1068 853 1143 921 Nec
1165 871 1272 919 tamen
1293 871 1395 942 partes
1413 847 1496 916 illius
1517 857 1696 922 acervatim
1714 852 1783 927 effe

408 956 571 1052 congestas
584 950 705 1023 necelle
721 948 766 1016 est
781 972 790 1017 :
805 966 882 1017 narn
902 948 936 1016 in
952 949 1024 1016 a'e're
1044 943 1091 1014 hae
1106 944 1268 1043 particulae
1287 942 1363 1014 licet
1382 941 1522 1042 dispctsae
1534 935 1592 1015 suo
1612 948 1783 1022 domatus

384 1051 562 1151 'pondere

455 1151 572 1219 xxn.
623 1149 667 1215 Ex
691 1147 872 1240 quostiam
896 1141 976 1215 illud
998 1139 1223 1228 concluditur,
1241 1162 1278 1208 ea
1300 1159 1438 1234 corpora
1457 1133 1518 1206 else
1536 1145 1683 1236 graviora
1701 1164 1784 1236 qux

409 1242 553 1345 pluribus
578 1241 722 1311 constant
736 1236 877 1334 partibus
890 1239 1026 1311 liberum
1044 1236 1149 1308 fluidae
1167 1237 1308 1308 materia
1323 1232 1489 1303 transitum
1504 1233 1781 1330 impedientibuss

411 1365 488 1411 narn
506 1363 542 1409 ea
559 1335 624 1407 sola
646 1330 717 1406 sunt
733 1337 868 1433 gravia,
893 1340 928 1405 in
954 1360 1095 1431 quorum
1122 1331 1232 1402 locum
1251 1329 1318 1399 baec
1339 1323 1463 1399 subtilis
1487 1338 1622 1400 materia
1641 1328 1781 1401 eluctari

413 1440 537 1507 nititur.
566 1436 658 1505 Cum
673 1437 761 1502 enirn
780 1431 845 1498 duo
861 1455 1023 1529 corpora,
1037 1449 1073 1499 nt
1095 1429 1160 1496 duo
1177 1424 1267 1523 globi
1278 1421 1409 1495 eburnei
1422 1427 1457 1492 in
1470 1421 1568 1522 plano
1578 1423 1782 1513 horizontali

413 1528 473 1600 fibi
495 1535 634 1601 invicem
650 1546 843 1613 occurrunt,
860 1544 971 1597 mutua
985 1521 1154 1597 resistentia
1176 1546 1244 1590 non
1266 1545 1305 1589 ex
1323 1523 1480 1616 gravitate
1505 1543 1560 1591 aut
1580 1515 1650 1590 nisu
1669 1517 1781 1592 versus

413 1647 505 1696 tertae
522 1646 670 1696 centrum
685 1628 787 1692 oritur
805 1645 817 1690 τ
835 1645 910 1690 curn
926 1644 1035 1692 motus
1056 1619 1112 1690 ille
1134 1615 1343 1687 horizontalis
1357 1613 1377 1683 ἐι
1393 1637 1506 1686 centro
1523 1639 1614 1686 tettae
1627 1618 1780 1687 recedere

415 1746 484 1792 non
500 1742 635 1792 conetur
649 1745 659 1788 t
674 1715 724 1788 sed
738 1743 776 1788 ex
793 1719 932 1787 materiae
949 1721 958 1785 i
984 1713 1043 1787 sus
1062 1716 1241 1812 quantitate
1256 1709 1311 1781 stbi
1326 1712 1415 1782 ardld
1429 1709 1616 1810 implexa&
1631 1708 1781 1786 tefistend

327 1846 331 1850 ·
417 1820 461 1887 tia
472 1822 609 1888 omnino
622 1810 840 1911 proficiscitur.
866 1743 999 1904 Qossr
1015 1816 1103 1882 enirn
1116 1831 1208 1904 aequa
1222 1804 1259 1879 lit
1271 1812 1303 1877 in
1317 1829 1456 1902 utroque
1468 1832 1605 1904 corpore
1618 1801 1780 1900 ejusmodi

412 1918 559 1984 materia
576 1916 736 2008 quantitas
754 1965 764 1995 ‚
783 1906 915 2003 aqualis
937 1912 998 1975 erit
1014 1901 1176 2001 utriusque
1199 1905 1232 1972 in
1256 1926 1359 2001 partes
1371 1900 1533 1998 oppositas
1552 1901 1701 1989 reflexio,
1719 1923 1781 1974 aut

416 2031 505 2078 certe
518 2008 620 2077 ambo
633 2029 771 2099 corpora
784 1998 960 2071 manebunt
972 2005 1136 2086 immota,
1154 2022 1190 2069 ut
1207 1998 1286 2068 dura
1306 1997 1427 2068 fuerint
1449 2021 1506 2070 aut
1526 1999 1653 2072 mollia.
1687 2002 1779 2072 Cum
1810 2022 1815 2031 ·

416 2123 528 2172 autem
539 2099 670 2196 aequalis
678 2099 722 2167 est
735 2095 865 2167 reflexio
877 2093 1061 2192 turiusque,
1075 2092 1198 2192 aequale
1210 2095 1254 2166 est
1270 2094 1394 2193 pondus
1406 2118 1509 2193 :ergo
1524 2091 1578 2164 ubi
1588 2094 1779 2193 aequalisell

395 2279 398 2283 ,
417 2202 559 2268 matetiae
572 2198 755 2288 quantitas,
770 2215 863 2287 aqua
875 2192 985 2262 itidem
998 2187 1068 2263 sunt
1082 2191 1239 2288 pondera
1479 2217 1483 2225 ·
1808 2216 1813 2229 ·

414 2332 419 2356 ι
464 2298 497 2364 X
511 2299 542 2364 X
554 2299 567 2362 l
578 2296 628 2364 ll.
657 2296 781 2384 loquo
794 2286 948 2384 quidem,
965 2310 1001 2358 ut
1013 2288 1171 2372 diximus,
1191 2288 1210 2355 a
1225 2311 1307 2356 veto
1317 2283 1464 2357 nonnihil
1484 2289 1611 2361 videtur
1633 2287 1778 2361 ὠπτᾶτο

420 2386 581 2463 Cartefius
595 2445 605 2474 ,
620 2412 694 2456 cum
715 2383 872 2453 existimat
890 2406 1018 2454 motum
1041 2382 1174 2454 coelellis
1194 2381 1278 2452 illius
1298 2385 1440 2452 materiae
1458 2388 1492 2454 in
1518 2388 1639 2457 tesiam
1658 2385 1780 2457 lineam

418 2481 671 2582 terraeoppoliro
684 2479 831 2575 impediti
845 2503 856 2547 t
869 2502 946 2549 nam
959 2478 981 2548 ss
999 2503 1047 2550 tes
1059 2483 1104 2549 ita
1118 2477 1154 2549 stt
1168 2533 1178 2564 ‚
1191 2479 1302 2548 eadem
1324 2481 1458 2548 materia
1481 2503 1542 2552 nec
1562 2479 1689 2553 metalla
1716 2505 1780 2552 nec

417 2584 542 2652 vitrum
561 2578 737 2676 pervadet,
765 2571 873 2672 licque
887 2574 1057 2672 plumbum
1073 2571 1145 2646 vase
1164 2566 1473 2647 vitreo-'conclusum
1498 2576 1636 2652 multum
1660 2576 1700 2648 de
1719 2570 1782 2662 suo

421 2677 565 2775 pondere
588 2679 729 2747 amittet.
1810 2696 1814 2703 ·

469 2773 560 2844 Idem
580 2774 874 2869 spissamentum,
894 2765 1064 2866 quod-fere
1078 2765 1207 2867 vigesies
1223 2774 1350 2869 gravius
1363 2771 1408 2842 cst'
1421 2772 1529 2846 eadam
1551 2799 1643 2871 equa
1663 2772 1780 2862 molec
1811 2766 1818 2791 '

418 2895 488 2942 non
509 2868 646 2968 amplius
666 2891 776 2940 tamen
801 2893 905 2964 quam
932 2866 1142 2962 quadruplam
1177 2870 1316 2937 matetiae
1365 2873 1549 2942 uastitatem
1575 2877 1778 2956 continete,

418 2967 511 3064 qudd
532 2963 652 3061 liquida
671 2987 808 3063 corpora
823 2961 966 3062 partibus
985 2963 1133 3033 constent
1143 2967 1177 3033 in
1191 2986 1284 3034 motu
1300 2892 1435 3060 polos,
1461 2968 1544 3039 unde
1569 2974 1603 3037 dc
1626 2963 1779 3063 tespetsti.

419 3086 496 3132 tam
512 3059 630 3130 habent
645 3059 831 3146 levitatem,
854 3058 910 3129 ubi
939 3083 1012 3128 cum
1037 3059 1122 3129 duris
1149 3054 1309 3131 &solidis
1336 3083 1576 3159 comparantur.
1602 3070 1728 3136 Verum
1756 3058 1779 3135 si
1811 3088 1815 3097 ·

418 3153 644 3243 tesitaelset,
671 3180 744 3254 pars
763 3180 856 3250 aquae
880 3154 1049 3251 congelata
1076 3154 1182 3228 multo
1201 3154 1443 3253 graviorelset,
1467 3163 1569 3251 qudm
1597 3157 1710 3229 eadem
1736 3159 1779 3230 li-
1811 3246 1814 3253 Ι

410 3292 413 3297 -
445 3253 524 3324 uidae
539 3254 641 3324 moles
659 3309 670 3340 ,
694 3260 728 3324 dc
742 3248 871 3319 metalla
889 3246 957 3319 susa
972 3253 1080 3321 minus
1097 3253 1335 3347 ponderamus,
1354 3254 1560 3347 quam-dura.
1581 3255 1710 3328 Deinde
1717 3251 1779 3351 qui

416 3279 487 3421 Heri
509 3350 612 3450 potest
637 3371 674 3419 ut
696 3345 860 3440 liquiditas
885 3369 1022 3441 corpora
1038 3342 1157 3418 efficiat
1179 3346 1300 3419 leviora
1323 3367 1335 3418 t
1361 3360 1536 3423 nonenim
1558 3350 1697 3424 fluiditas
1723 3349 1779 3422 illa

416 3460 549 3519 motum
563 3443 753 3544 circularem
765 3446 851 3514 circa
863 3463 1014 3529 tetram,
1036 3463 1093 3514 aut
1107 3438 1227 3514 sursum
1249 3440 1384 3534 versus,
1409 3442 1513 3519 sedin
1537 3469 1653 3521 omnes
1676 3457 1779 3548 portet

417 3549 455 3616 iis
471 3549 669 3642 impartitun

467 3645 500 3711 X
516 3644 628 3715 xlv.
661 3642 756 3711 Hinc
776 3642 877 3713 etiam
898 3634 1003 3712 canl'as
1022 3637 1260 3712 accelerationis
1283 3661 1436 3710 motuum
1451 3645 1489 3711 iis
1511 3635 1705 3742 corporibtts
1724 3638 1780 3718 ded.
1807 3662 1811 3667 ’

415 3737 506 3807 ducit
517 3741 566 3806 vit
581 3734 694 3809 clariss.
706 3745 796 3830 juxta
811 3736 933 3807 Galilaei
950 3739 1128 3834 principia,
1149 3735 1344 3807 celeritatem
1362 3741 1517 3810 nimirum
1533 3741 1634 3835 aequis
1647 3754 1779 3836 tempo-⁸

409 3829 503 3901 uibus
519 3855 547 3900 ae
572 3831 683 3901 naliter
696 3838 819 3927 augeri.
846 3833 937 3902 Cum
947 3838 1036 3904 enim
1048 3856 1163 3929 corpus
1175 3856 1272 3930 grave
1292 3831 1314 3902 fa
1330 3832 1491 3931 particulis
1509 3838 1622 3905 vicinis
1639 3834 1779 3905 matetiae

415 3929 450 3995 in
468 3856 673 4018 ejuslocum
694 3921 859 3996 succedere
885 3932 1015 3999 nitentis
1041 3932 1243 3999 continenter
1264 3926 1422 4028 pellatur,
1442 3934 1582 4030 urgentis
1600 3931 1689 4003 illius
1711 3955 1781 4004 nte·

408 4025 504 4093 teriae
517 4026 563 4090 vis
578 4017 702 4120 semper
721 4035 814 4117 aequ'e
840 4021 1004 4094 valida‘est
1028 4047 1128 4119 atque
1145 4023 1199 4094 illa
1220 4048 1309 4111 erat,
1322 4050 1397 4095 cum
1423 4051 1539 4125 corpus
1564 4026 1781 4124 quiescebat;

329 4198 333 4205 ¹
414 4117 500 4188 unde
528 4125 562 4190 δι
584 4115 728 4187 celeritas
748 4120 859 4189 eadem
884 4123 1007 4190 tatione
1030 4143 1163 4219 augetur
1184 4175 1195 4207 ,
1216 4144 1281 4216 qua
1299 4117 1366 4219 ipsa
1388 4144 1546 4221 tempora.
1592 4130 1675 4198 Haec
1693 4130 1782 4203 adeo

415 4211 600 4312 hypothess
614 4211 709 4282 nullo
721 4214 821 4285 modo
843 4241 917 4286 cum
932 4222 1125 4315 experientia
1148 4242 1306 4316 pugnare,
1321 4242 1381 4287 nec
1393 4222 1571 4316 quicquam
1581 4219 1782 4318 impoffibile

411 4314 543 4381 uidetur
557 4312 855 4408 continere,eaque
871 4311 1096 4410 plroenomenis
1110 4308 1180 4384 satis
1196 4320 1339 4385 concinit
1367 4342 1377 4385 ε
1399 4317 1480 4385 adeo
1497 4339 1532 4387 ut
1557 4317 1666 4391 saltem
1692 4327 1782 4395 veri.

411 4402 525 4476 fimilis
542 4403 684 4475 habenda
706 4403 761 4492 lit,
776 4408 928 4478 dumalias
948 4408 1164 4506 phoenomena
1176 4410 1252 4480 huic
1269 4406 1398 4481 adversa
1411 4430 1592 4490 occurrant.

465 4507 611 4575 Primum
624 4497 702 4572 illud
721 4499 986 4576 verisimillimum
999 4505 1123 4575 videtur
1137 4504 1263 4576 causam
1282 4504 1443 4579 descensus
1461 4514 1634 4603 gravium,
1650 4534 1709 4585 aut
1731 4512 1783 4589 ns:

416 4597 530 4669 censlls
547 4597 694 4683 levium,
720 4620 787 4668 non
808 4603 841 4668 in
852 4597 925 4696 ipsis
947 4600 1158 4698 corporibus,
1176 4627 1247 4697 quae
1267 4628 1304 4674 ex
1322 4602 1353 4674 se
1372 4607 1411 4673 ad
1424 4628 1557 4676 omnem
1570 4611 1786 4693 motumsnnt

418 4691 652 4779 indifferentia,
668 4688 719 4762 sed
735 4698 768 4763 in
782 4695 889 4763 medio
910 4691 1000 4791 ipso,
1021 4695 1073 4767 sen
1088 4703 1120 4766 in
1131 4702 1205 4768 a'e‘re
1217 4725 1272 4772 aut
1287 4707 1319 4772 in
1338 4699 1453 4771 altere
1475 4704 1674 4777 circumfuso
1700 4735 1784 4806 qup-

419 4792 449 4861 ti
474 4813 637 4890 oportere.
666 4791 1104 4868 Verumtamcnvixdodlils.
1117 4798 1154 4869 P.
1172 4794 1211 4898 de
1225 4796 1406 4894 Chalcl3.
1420 4796 1679 4879 demotulocsli
1702 4829 1786 4906 pro)

831 4909 851 4945 a
