3646 5430
301 399 356 462 132
603 363 790 440 Recta
851 318 1299 440 SCIENTIARUM

159 483 228 555 Αἰι
241 510 277 559 n,
299 475 387 540 mine
399 466 582 566 insigniunt.
608 466 699 535 Nam
710 461 930 560 gallusnoller
946 455 1124 529 notill'rmus
1140 459 1256 530 eodem
1269 455 1401 525 nomine
1413 452 1570 549 domnae,
1591 462 1648 532 a:

140 593 255 675 ἰόιι

300 565 448 635 metirer
472 561 582 634 Africa
605 561 640 627 in
657 557 713 628 has
730 561 876 654 regiones
891 554 1043 624 advectus
1068 551 1165 625 fuerit
1188 580 1197 624 ε
1220 557 1260 622 ΙΞι
1277 571 1385 620 umen
1404 549 1468 623 hoc
1484 554 1646 651 gallorum

298 684 398 754 genus
412 665 446 730 in
462 651 587 729 brastlia
598 657 763 751 reperitur.
784 648 930 744 Ejusdem
947 651 1034 718 euim
1049 649 1093 719 est
1106 646 1220 719 formae
1238 669 1312 716 cum
1327 670 1369 716 eo
1382 671 1481 741 quem
1493 652 1647 750 Margra-

297 759 367 825 vius
378 752 548 836 describit,
569 752 691 846 quique
707 747 966 844 Mitu.pormgae
976 746 1012 812 in
1023 747 1062 814 iis
1076 742 1260 840 regionibus
1275 739 1465 907 appellatur.

349 855 429 922 Duo
442 868 533 920 erant
546 841 669 914 canales
686 843 845 942 hepatici‚
865 841 956 937 quod
976 841 1010 907 in
1023 835 1136 927 avibus
1154 861 1290 909 rarume
1341 864 1351 909 r
1383 839 1477 932 cyllis
1496 838 1593 913 fellea
1613 846 1647 916 in

298 944 403 1017 altero
420 969 458 1014 ex
482 942 529 1011 his
541 937 633 1038 gallis
645 929 849 1008 anfractuosa
864 959 931 1007 erat
949 990 962 1022 ,
992 937 1026 1004 in
1053 956 1114 1022 tres
1127 934 1215 1005 velut
1236 931 1365 1004 cellulas
1382 930 1481 1006 divifi
1496 970 1520 1026 3.
1533 937 1650 1009 duetus

300 1043 435 1137 cysticus
449 1035 573 1135 amplus
592 1035 611 1104 ὲ
633 1055 721 1131 parte
732 1032 857 1104 summa
869 1030 975 1102 exibat
989 1083 1000 1113 ,
1015 1037 1049 1102 dc
1072 1051 1134 1100 tres
1152 1027 1200 1099 illi
1213 1029 1325 1098 ducem
1344 1052 1408 1100 una
1433 1054 1510 1102 cum
1525 1033 1650 1105 duobus

298 1138 506 1234 pancranticis
519 1134 663 1227 quinque
679 1125 891 1200 foraminibus
902 1123 960 1198 fibi
976 1122 1121 1196 finitimis
1135 1124 1273 1197 intestini
1284 1147 1398 1223 rugam
1411 1118 1568 1216 subeunt,
1582 1152 1647 1227 qua

300 1229 388 1302 velut
408 1230 574 1301 communi
587 1223 704 1322 papilla
718 1222 905 1297 vestiuntur.

353 1325 494 1420 Reliqua
505 1321 573 1393 ferd
593 1342 629 1389 ut
647 1323 682 1389 in
705 1323 916 1416 ejusgeneris
932 1317 1055 1391 avibus.
1079 1317 1306 1391 intestinorum
1328 1318 1498 1417 longitudo
1524 1340 1594 1390 etat
1613 1347 1644 1394 ιι

298 1422 417 1520 pedum
431 1477 443 1506 ,
463 1425 565 1509 major
578 1439 676 1512 quarn
690 1439 752 1513 pro
767 1437 882 1486 eorum
895 1413 994 1486 mole.
1018 1416 1126 1483 Renes
1141 1417 1236 1484 variis
1249 1413 1340 1487 velut
1353 1415 1484 1486 maculis
1496 1415 1645 1505 nstinffi,

301 1539 371 1612 quae
384 1510 760 1585 substantiameorum'ex
776 1508 932 1605 glandulis
948 1508 1196 1607 conglomeratis
1213 1506 1385 1580 conflatam
1395 1507 1589 1580 indicabant.

341 1619 383 1683 V.
407 1612 486 1681 llvis
503 1607 618 1693 tarda,
639 1630 672 1677 v.
686 1600 836 1671 omarde
851 1600 991 1697 ejusdem
1045 1601 1194 1674 uenalis
1210 1628 1286 1673 cum
1303 1597 1483 1701 superiore,
1508 1597 1561 1675 scd
1575 1603 1644 1679 for.

299 1731 354 1776 ma
374 1701 489 1802 dispari
512 1759 523 1792 ,
544 1708 578 1774 dc
592 1704 688 1772 variis
701 1697 885 1799 plumarum
908 1629 1070 1770 colorbus
1145 1699 1224 1771 rdici
1246 1725 1313 1770 non
1328 1699 1372 1768 est
1387 1694 1551 1773 absumilis.
1587 1706 1645 1774 Ser

301 1803 432 1899 quidem
450 1797 544 1885 hujus
555 1801 762 1894 generisavcs
782 1794 883 1866 oculis
897 1802 931 1867 dc
943 1790 1051 1865 cultro
1072 1721 1218 1886 subirdlae
1240 1790 1334 1881 sunt,
1357 1792 1445 1864 collo
1458 1801 1492 1867 dc
1508 1797 1645 1869 cruribus

301 1895 452 1994 oblongis
472 1952 483 1982 ,
501 1891 552 1966 sed
573 1896 686 1990 pennis
704 1888 904 1962 brevioribus
924 1887 1105 1978 instructa,
1129 1890 1169 1957 ad
1189 1889 1363 1961 volandum
1388 1883 1460 1961 sunt
1484 1891 1646 1968 tardiores.

303 1996 387 2065 Tres
399 2013 525 2062 tantum
542 1983 613 2057 sunt
629 1988 722 2083 digiti
738 1991 772 2057 in
787 1983 918 2082 pedibus
940 2042 951 2072 ,
973 1983 1077 2056 nullus
1099 1984 1276 2082 posterior,
1302 1992 1391 2080 cujus
1409 1982 1486 2057 loco
1511 1985 1555 2056 est
1580 1987 1644 2060 cal.

302 2086 372 2159 lum
386 2085 550 2182 quoddam
567 2106 669 2180 parva
682 2086 771 2152 nucis
788 2082 1009 2178 magnitudine
1030 2107 1039 2151 r
1066 2104 1187 2178 ungues
1219 2077 1319 2178 figutq
1337 2078 1438 2150 ovalis
1455 2105 1494 2152 er
1517 2101 1645 2180 utraque

304 2204 394 2280 parte
411 2183 557 2252 convexi.
591 2178 690 2273 Jecur
707 2176 875 2275 amplum,
899 2174 992 2272 cyllis
1012 2174 1129 2260 fellea,
1152 2185 1186 2249 δι
1201 2176 1314 2246 ructus
1335 2197 1405 2246 tum
1424 2174 1557 2263 biliofi,
1579 2202 1644 2251 tum

305 2279 499 2374 pancreatici
519 2298 560 2344 eo
582 2270 667 2371 pend
688 2272 790 2344 ruodo
808 2275 842 2341 in
862 2278 1005 2364 jejunum
1024 2272 1208 2342 intellinum
1225 2267 1390 2358 destrunt,
1411 2276 1480 2367 qub
1508 2277 1543 2342 in
1566 2274 1646 2373 gallo

303 2370 417 2443 Indico
445 2396 454 2441 ε
481 2370 563 2447 adeo
584 2391 620 2439 ut
650 2391 765 2439 eorum
796 2367 873 2436 ollia
901 2369 984 2435 inter
1008 2361 1039 2435 se
1060 2365 1206 2437 distincta
1230 2366 1342 2437 eadem
1363 2368 1540 2462 appendice
1587 2369 1644 2442 uafi

302 2464 425 2564 papilla
451 2486 609 2561 tegantur.
634 2465 776 2561 Magnus
796 2459 1018 2559 glandularum
1034 2485 1184 2533 numerus
1205 2466 1287 2532 inter
1308 2459 1472 2559 osophagi
1490 2489 1577 2534 mem
1599 2491 1647 2536 ra·

301 2585 358 2634 nas
372 2558 560 2633 cernebatur
586 2616 597 2646 ,
627 2554 785 2654 quae‘ferd
808 2580 844 2628 ut
870 2580 969 2652 apum
993 2556 1108 2626 alveoli
1129 2581 1219 2628 erant
1239 2553 1391 2654 disposita
1415 2591 1426 2645 ς
1451 2582 1646 2658 unaquaque

302 2656 361 2728 suo
384 2653 548 2726 fotamine
571 2651 694 2751 pertusa
721 2710 731 2740 ,
754 2652 810 2729 suo
830 2652 941 2722 itidem
971 2649 1085 2721 tubulo
1104 2655 1223 2723 donata
1246 2687 1257 2741 3
1286 2647 1391 2752 prellae
1413 2650 1573 2748 liquorem
1594 2681 1647 2725 er·

303 2747 485 2852 primebant
499 2803 510 2833 ‚
525 2755 582 2842 qui
607 2745 830 2819 membranam
843 2749 992 2816 intimam
1011 2734 1176 2846 oesoplragi
1196 2744 1391 2845 penetrabat.
1429 2751 1543 2820 Eadem
1568 2754 1646 2848 pcnd

216 2893 218 2898 ¹
304 2844 530 2945 glandularum
551 2843 642 2918 seties
661 2847 695 2914 in
709 2849 848 2920 maxima
861 2845 970 2915 avium
981 2865 1071 2940 parte
1093 2848 1258 2932 occurrit,
1285 2842 1336 2917 sed
1365 2867 1432 2919 nou
1451 2843 1531 2920 aden
1554 2845 1647 2922 cons·

327 2965 409 3016 rcua.

303 2971 325 3040 P
358 3033 491 3107 Infimus
522 3036 716 3110 ventriculus
730 3062 763 3112 v.
793 3039 927 3132 Gestar,
953 3039 1033 3138 pend
1055 3059 1091 3109 ut
1114 3043 1150 3110 in
1173 3039 1326 3139 gallinis:
1351 3062 1464 3112 verum
1487 3039 1572 3112 illius
1594 3043 1648 3113 du·

304 3140 392 3207 rities
414 3156 481 3202 non
506 3158 544 3204 ex
570 3157 659 3231 parte
682 3131 859 3207 musculosa
884 3159 955 3232 quae
975 3140 1009 3205 in
1030 3135 1091 3206 hac
1116 3147 1174 3208 avc
1194 3136 1286 3208 valde
1304 3142 1406 3210 tenuis
1425 3138 1470 3207 est
1488 3163 1510 3223 ·,
1537 3131 1589 3209 sed
1613 3165 1648 3210 er

306 3224 495 3303 membrana
513 3231 658 3302 interiori
685 3230 859 3303 admodum
877 3231 956 3299 dura
977 3238 1011 3302 dr
1028 3227 1122 3302 densa
1145 3286 1156 3318 ,
1183 3239 1217 3304 in
1241 3239 1342 3304 varias
1361 3256 1455 3330 rugas
1475 3235 1647 3330 complica.

305 3350 339 3399 ta
361 3319 585 3423 proficiscitur.
621 3327 689 3395 Hic
713 3326 907 3398 ventriculus
928 3323 1045 3425 lapillis
1067 3331 1136 3398 imo
1164 3328 1350 3401 &denariis
1373 3334 1497 3424 cupreis
1522 3328 1648 3405 refertus

303 3422 478 3522 apparuit,
494 3427 552 3518 qui
572 3441 684 3491 mutua
710 3418 876 3492 collisronc
902 3425 983 3495 citra
1003 3419 1220 3496 corrofionem
1245 3421 1344 3495 ullarn
1366 3425 1399 3492 in
1423 3422 1567 3520 partibus
1595 3451 1649 3500 er.

305 3513 470 3602 rantibus,
491 3541 559 3587 non
586 3521 620 3594 in
643 3522 728 3588 cavis
744 3540 800 3588 aut
818 3513 967 3617 deprellls
988 3517 1095 3588 detriti
1109 3518 1321 3606 videbantur,
1363 3519 1426 3588 uod
1443 3510 1589 3618 deprellae
1608 3523 1648 3593 ab

302 3620 415 3687 attritu
443 3616 601 3686 immunes
622 3610 741 3684 fuerint
759 3638 768 3684 r
785 3613 869 3683 unde
883 3610 1009 3685 nullum
1026 3616 1061 3682 in
1077 3618 1115 3685 iis
1134 3611 1286 3686 erofionis
1304 3545 1473 3712 veligium
1483 3670 1496 3703 ,
1516 3639 1577 3693 nec
1596 3642 1648 3688 ru-

218 3737 224 3744 ·
304 3709 408 3807 bigo,
427 3732 486 3778 nec
501 3707 650 3807 asperitas
667 3706 731 3779 ulla
749 3714 905 3806 apparuit.

351 3809 480 3875 Nervus
504 3827 630 3965 epncus
651 3803 823 3967 postquam
847 3803 979 3876 oculum
1001 3800 1131 3891 subiit,
1159 3805 1381 3904 complanatur
1407 3861 1418 3891 ,
1447 3830 1487 3876 ac
1514 3801 1648 3876 limbum

303 3897 404 3972 efficit
426 3898 517 3966 candi
540 3922 595 3966 um
617 3895 716 3966 ovalis
757 3920 842 3992 gurae
860 3954 871 3985 ‚
892 3926 931 3971 ex
959 3926 1028 3999 quo
1048 3904 1139 3998 nigra
1167 3899 1353 3977 membrana
1371 3904 1433 3970 exit
1453 3900 1553 3970 instar
1578 3925 1648 3972 cru·

301 4017 402 4067 mena
423 4015 493 4086 qua
515 3996 549 4060 in
578 3989 785 4089 posteriorem
811 3997 904 4066 vitrei
927 3995 1072 4071 humoris
1094 4020 1219 4094 partem
1242 3991 1364 4068 definit.
1398 4001 1435 4065 ln
1455 4016 1548 4092 parte
1568 3995 1649 4067 infe·

148 4165 153 4175 ,
301 4096 381 4164 riori
403 4086 494 4163 rostri
517 4087 623 4182 plures
647 4109 756 4164 extant
774 4086 930 4185 glandula
956 4087 1012 4162 sub
1036 4117 1073 4164 ea
1095 4077 1282 4164 membrana
1309 4114 1378 4185 qua
1400 4088 1455 4162 has
1477 4113 1582 4188 parter
1603 4115 1647 4162 te.

301 4193 373 4287 giu
393 4206 432 4253 ex
460 4186 498 4252 iis
523 4207 580 4280 pet
602 4182 716 4254 ductus
740 4180 814 4257 satis
840 4183 1028 4286 conspicuos
1058 4192 1094 4260 in
1122 4191 1187 4258 oris
1211 4189 1380 4260 cavitatem
1411 4183 1522 4284 liquor
1542 4185 1647 4263 effrut-

299 4287 397 4356 ditur.

344 4383 450 4453 Avern
477 4377 600 4449 tardam
622 4374 766 4474 plerique
792 4382 984 4449 recentiores
1009 4377 1071 4452 elle
1103 4383 1210 4452 Oturn
1236 4396 1380 4448 veterum
1415 4400 1559 4476 putant:
1597 4375 1646 4451 sed

298 4476 398 4574 longd
428 4469 624 4573 probabilius
642 4470 767 4545 videtur
788 4471 877 4544 illam
899 4470 960 4544 elle
982 4462 1078 4571 plan?
1102 4470 1257 4545 diversam
1287 4525 1298 4555 ,
1336 4489 1441 4568 neque
1463 4470 1562 4544 aliam
1589 4472 1648 4545 elle

298 4595 506 4666 quamavem
522 4567 660 4664 eleganti
682 4561 785 4664 specie
808 4570 990 4657 decoram,
1014 4595 1085 4665 quae
1105 4568 1205 4667 vulgo
1233 4564 1350 4639 nobilis
1375 4567 1539 4642 Numidia
1560 4570 1648 4670 puel.

297 4665 329 4739 la
346 4672 516 4741 vocitatur.
552 4670 673 4733 ineam
695 4684 779 4735 nota:
796 4686 907 4733 omnes
932 4664 1048 4760 quibus
1068 4665 1089 4737 d
1117 4661 1276 4735 veteribus
1299 4659 1360 4734 defi
1385 4686 1511 4748 natur,
1541 4668 1646 4764 appri-

298 4767 572 4844 neconveniunt.
601 4757 766 4839 Primaest
783 4757 849 4860 ipse
873 4765 1017 4862 corporis
1034 4758 1161 4841 habitus
1182 4755 1270 4857 quafi
1296 4760 1337 4832 ad
1360 4855 1372 4865 δ
1406 4759 1540 4847 tandruo
1561 4784 1647 4841 com
