3646 5430
395 352 742 436 A'CADEMiAE
794 363 1125 446 HISTORIA.
1154 369 1270 445 ann.
1485 405 1541 478 ¹57
1584 477 1652 572 Μ

1554 482 1670 579 Py·¹

126 600 138 615 -·
202 543 839 640 Μῷᾧῷᾧῷᾧῶ
850 556 1604 655 ᾢῷὣῶᾧῶὧῷὣτῖα.

446 734 802 832 SECTIO
902 735 1289 841 TERTIA.

186 941 250 1041 De
266 941 467 1078 Clrymict's
490 1025 506 1071 ,
527 945 729 1084 Physicis,
748 976 809 1065 &⁰
830 944 940 1050 rebus
966 958 1229 1056 «Anatomicis
1257 966 1355 1058 anni
1386 983 1533 1088 1676.

645 1114 707 1206 φ’
747 1116 878 1215 1677.
893 1091 1091 1228 fissceptis.

165 1340 251 1514 'P
268 1343 440 1424 lanearum
459 1336 614 1451 hnalyses
625 1335 697 1455 sunt
716 1345 928 1454 continuate,
950 1367 1029 1441 quas
1044 1343 1227 1444 singillatim
1243 1351 1360 1426 referre
1382 1353 1462 1429 nibil
1476 1375 1540 1440 κιο-ζ

269 1430 349 1510 uclst
365 1438 430 1525 cll,
448 1432 507 1507 nili
524 1433 610 1510 sorte
632 1440 710 1538 qud
725 1460 840 1513 notatu
852 1439 986 1536 dignum
1003 1467 1162 1519 occurrat.

185 1654 1521 1697 --.-..-.........-,-,--,,,,

481 1805 773 1893 entur
854 1763 1254 1910 inrisum(

680 2015 735 2082 De
760 2015 807 2082 ue
831 2001 1003 2087 herbaria.

179 2198 255 2366 LI
274 2198 512 2269 Ncunteanno
535 2209 628 2288 1676.
648 2199 696 2272 D.
728 2194 902 2270 Marchant
923 2204 1086 2298 Peponem
1113 2197 1222 2301 figure
1249 2209 1282 2276 δι
1306 2206 1534 2300 magnitudinis

274 2292 428 2366 iuufiratae
447 2318 485 2366 ex
501 2289 606 2365 Insula
619 2298 654 2369 S.
670 2291 895 2388 christophori
919 2291 1117 2391 asportatum
1137 2295 1291 2371 exhibuit.
1332 2304 1400 2369 Hic
1416 2300 1534 2375 aculeis

178 2390 268 2462 instar
281 2392 389 2461 cardui
403 2390 515 2462 stellati
530 2413 669 2461 armatus
684 2447 695 2478 ,
711 2410 849 2485 quatuor
860 2410 917 2459 aut
932 2393 1077 2484 quinque
1090 2394 1183 2488 pedes
1193 2397 1226 2462 in
1242 2390 1377 2488 longum
1386 2403 1419 2466 δι
1430 2394 1532 2469 larum

176 2485 315 2650 patebat.
340 2485 432 2556 illius
444 2481 562 2584 analysr
577 2483 661 2555 faeta
675 2486 815 2581 liquores
829 2507 909 2579 pene
923 2506 1035 2554 omnes
1049 2486 1133 2555 acidi
1144 2508 1234 2554 erant
1250 2539 1261 2571 ‚
1290 2492 1398 2594 portio
1414 2488 1530 2562 ulrima

207 2581 237 2651 le
248 2579 378 2650 volatili
396 2577 491 2668 stem,
507 2603 571 2652 tres
591 2578 747 2651 drachmae
761 2574 829 2649 salis
843 2574 922 2666 fixi,
940 2576 1008 2649 duae
1022 2580 1084 2651 olei
1096 2580 1241 2651 extraciae
1254 2581 1272 2651 ὲ
1284 2604 1428 2679 qumque
1441 2581 1532 2656 libris

177 2675 272 2770 hujus
285 2673 408 2746 frustos
423 2701 520 2772 quem
540 2674 701 2747 melonem
719 2675 873 2746 carduum
887 2671 1061 2775 appellant.

224 2777 267 2843 Π.
292 2774 359 2841 Die
366 2798 414 2844 22.
428 2775 540 2842 Martii
552 2775 627 2841 anni
642 2788 737 2861 1677·
748 2767 968 2841 Sereniilimur
978 2773 1113 2840 Franciae
1128 2769 1309 2869 Delphinus
1322 2772 1531 2847 Academiam

172 2865 222 2938 sua
233 2864 396 2966 presentia
410 2866 650 2938 cohonestatam
664 2869 769 2939 voluit
786 2921 797 2952 ,
816 2889 915 2962 quem
938 2865 986 2937 D.
999 2864 1135 2939 Colberr
1146 2891 1221 2937 cum
1235 2865 1385 2938 omuibus
1401 2870 1529 2941 Acade·

172 2967 259 3034 micis
271 2967 412 3058 excepit.
438 2962 613 3059 Speculum
626 2966 782 3034 ustorium
800 2958 944 3056 primrlm
954 2970 989 3033 &
1003 2961 1086 3031 illius
1101 2967 1169 3032 vim
1180 2966 1296 3032 intueri
1314 2961 1436 3057 placuit
1451 2961 1530 3037 :etii

171 3058 287 3130 coelum
299 3055 439 3129 nubibus
451 3057 598 3128 nonnihil
610 3056 785 3128 obdu&um
796 3054 891 3144 effer,
907 3080 991 3128 terra
1003 3077 1110 3126 tamen
1125 3061 1158 3126 in
1171 3061 1291 3127 vitrum
1304 3055 1455 3130 conversa
1466 3058 1530 3132 fuit

169 3159 386 3252 &argentum
399 3152 625 3248 colliquatum.
648 3158 736 3224 Tum
750 3150 913 3223 machinas
928 3175 1037 3223 recens
1051 3155 1216 3240 inventas,
1234 3152 1377 3250 stirpium
1403 3161 1437 3224 &
1456 3158 1530 3226 ani·

169 3247 302 3320 mallum
316 3253 429 3320 icones
451 3248 684 3346 contemplatus
707 3243 851 3321 Serenus.
884 3252 1035 3350 Princeps
1047 3249 1193 3341 quaedam
1204 3253 1421 3344 expenmenta
1434 3249 1488 3324 Ch
1514 3274 1530 3312 .-

166 3349 248 3413 mica
260 3348 384 3417 intueri
398 3343 514 3416 voluit.
535 3345 623 3415 Cum
638 3341 805 3440 accepisset
820 3342 956 3413 hilloriae
992 3342 1110 3414 euerali
1131 3345 1274 3440 stirpium
1290 3346 1448 3415 intentam
1467 3277 1529 3418 elle

167 3442 402 3527 Academiam,
419 3447 453 3513 &
468 3441 501 3508 in
515 3440 547 3508 id
559 3436 743 3509 incumbere
758 3461 794 3508 ut
805 3463 860 3534 per
871 3368 1025 3534 analysrm
1036 3434 1162 3526 diverse
1178 3461 1287 3506 earum
1305 3460 1407 3536 partes
1420 3462 1528 3510 extra.

165 3531 338 3619 herencur,
351 3561 391 3606 ex
404 3533 520 3632 quibus
533 3532 684 3629 cujusque
696 3532 810 3628 plantae
821 3554 950 3617 natura,
964 3541 997 3604 &
1010 3536 1091 3600 vires
1103 3554 1279 3624 utcumque
1293 3527 1443 3627 cognosci
1453 3529 1528 3629 pos·

169 3626 235 3700 sent
248 3687 259 3717 ,
271 3633 422 3728 quaedam
438 3626 568 3728 suscepti
583 3632 686 3726 operis
699 3623 872 3716 specimina
882 3621 950 3694 fieri
965 3620 1061 3718 julitt-

219 3730 308 3796 Tum
322 3723 411 3800 forti
427 3725 596 3796 lavendula
609 3724 701 3820 spica
713 3718 874 3791 exstillatae
886 3717 1012 3789 fuerant
1023 3772 1034 3803 ,
1046 3717 1182 3813 liquoris
1199 3718 1306 3789 edusli
1328 3723 1435 3817 portio
1460 3746 1522 3816 prae

171 3821 318 3890 aciditatc
332 3818 385 3890 sua
397 3817 493 3891 succo
505 3820 688 3915 heliotropii
700 3812 897 3914 splendidum
906 3821 1078 3912 &igneum
1088 3810 1230 3883 colorem
1242 3811 1406 3900 exhibuit,
1419 3813 1522 3891 subli-

169 3919 256 3985 mati
267 3908 454 3985 solutionem
464 3917 540 3986 nihil
555 3921 737 3984 immutans·
756 3911 865 3981 Altera
876 3912 1011 4006 liquoris
1023 3913 1130 4008 portio
1141 3906 1202 3978 sale
1213 3907 1336 3979 volatili
1345 3911 1430 3982 dives
1442 3941 1522 3987 con.

169 4013 290 4080 trarios
301 4016 474 4105 procreavit
486 4007 630 4084 effecius.
666 4013 757 4081 Nam
773 4004 932 4077 sublimati
947 4002 1139 4077 solutionem
1152 4028 1219 4073 non
1234 4004 1374 4077 turbavit
1396 4010 1521 4100 modb,

167 4102 223 4175 std
234 4112 271 4175 &
286 4128 342 4173 coa
362 4107 460 4177 olavit
476 4130 595 4202 3atquc
608 4130 670 4177 una
684 4129 759 4174 cum
774 4095 883 4197 spiritu
897 4099 965 4170 salis
978 4100 1068 4171 mista
1081 4095 1231 4170 efferbuit
1241 4132 1251 4187 ·‚
1262 4096 1303 4169 sal
1314 4100 1453 4174 volatilis
1468 4102 1522 4174 su-
1610 4172 1611 4176 ,

165 4199 301 4272 blimari
314 4130 500 4272 solutionem
512 4206 708 4298 praecipitem
722 4199 828 4281 dedit,
845 4205 878 4269 &
893 4195 998 4265 lacteo
1011 4193 1127 4264 imbuit
1137 4192 1264 4267 colore:
1279 4193 1320 4264 sal
1330 4193 1408 4267 fixus
1416 4200 1520 4270 eidem

165 4296 321 4367 solutioni
335 4302 533 4392 praecipitarat
545 4298 689 4367 colorem
699 4291 888 4366 subrubeum
899 4294 1063 4387 impertiit.
1093 4287 1249 4386 Qaerlam
1261 4294 1345 4360 circa
1355 4291 1520 4385 liquorum

166 4394 439 4488 coagulationem,
452 4402 485 4464 ἀ
498 4395 646 4464 colorum
657 4392 848 4460 mutationes
857 4410 966 4456 coram
979 4384 1120 4455 exhibuit
1133 4392 1175 4455 t).
1190 4383 1294 4456 Borel.
1313 4388 1377 4453 Die
1389 4387 1522 4458 crastina

165 4482 384 4558 Serenillimus
400 4486 577 4586 Delphinus
591 4483 858 4559 Observatorium
872 4475 988 4553 invisrr.
1010 4481 1073 4552 Sed
1091 4504 1127 4550 ea
1145 4479 1184 4548 de
1198 4503 1231 4548 re
1251 4480 1348 4583 paulo
1361 4481 1431 4576 post
1444 4507 1520 4553 cum

166 4582 203 4652 dc
214 4581 458 4655 Mathematicis
475 4585 567 4656 rebus
582 4580 679 4651 verba
696 4578 862 4652 faciemus.

209 4684 271 4751 111.
301 4682 365 4748 Dic
392 4703 425 4768 ¹7
450 4677 650 4751 Novembris
669 4681 713 4753 D.
733 4680 889 4748 Mariottc
901 4672 1035 4746 bulbum
1053 4672 1182 4772 tulippae
1195 4669 1362 4757 exhibuit,
1383 4675 1417 4741 in
1431 4682 1521 4767 cujus

166 4777 310 4876 permiste
324 4772 405 4847 folia
422 4773 552 4876 rulippae
563 4783 628 4870 jam
640 4769 759 4876 inclusa
770 4774 840 4848 imo
852 4777 885 4847 &
898 4767 992 4847 flores
1002 4777 1035 4846 ὅ(
1045 4769 1176 4846 stamiru
1188 4765 1408 4959 cerueplauitiprr.
1432 4771 1521 4847 Iden
1603 4824 1604 4827 =
