3646 5430
403 345 451 442 78
725 342 926 418 REGIAE
973 333 1432 417 scu-:NTIARUM
1517 341 1524 354 '

271 453 336 525 An
349 475 388 524 rr.
451 445 544 518 Vlll.
558 438 612 516 Ne
624 428 755 540 longior
770 439 828 512 fim
841 495 851 521 ,
865 438 949 510 succi
963 439 1098 508 minoris
1112 431 1294 534 absynthii,
1308 430 1456 522 melissa,
1474 427 1638 521 billum,
1654 431 1768 509 alchi}

273 560 367 640 ¹⁶⁶9·
402 540 492 632 mill3
506 596 516 624 ‚
532 533 690 630 artemifiq
705 594 715 624 ‚
731 534 933 610 scorsonariae
944 591 955 622 ,
966 530 1112 620 alliariae,
1127 531 1287 629 cychoraei
1300 527 1473 628 sylvestris.
1490 528 1643 623 menthq,
1668 525 1771 602 sero-2

401 635 577 735 Phalarin,
591 640 677 735 apii,
692 633 823 731 raphani
838 630 1005 717 rusticani,
1018 631 1155 701 tanaceti
1167 628 1290 700 nullam
1301 649 1356 698 aut
1370 629 1530 697 minorem
1545 628 1579 696 in
1590 651 1676 729 puro
1689 624 1763 707 fin}

401 737 499 829 guine
511 729 771 827 coagulationem
783 724 930 799 effecere.
1000 728 1002 733 ’
1412 725 1416 734 ’

453 831 508 898 Sic
524 825 598 896 thaei
616 826 794 897 carradium
815 829 894 894 citra
911 821 1011 896 ullam
1034 825 1274 896 concretionem
1291 841 1363 892 atro
1384 817 1496 891 colore
1513 815 1671 891 venosum
1686 817 1765 893 sian-¹

427 926 536 992 uinem
548 919 659 990 infecit
671 953 681 1005 3
695 915 863 990 arteriosus
882 910 1007 1017 sanguis
1018 923 1053 988 in
1069 919 1179 989 medio
1198 915 1318 988 coaluit
1330 938 1405 985 cum
1421 917 1534 986 vivido
1549 915 1661 987 colore
1677 952 1688 1007 3
1708 940 1765 988 ro-

403 946 530 1112 bquutn
553 1013 656 1086 serum
675 1013 759 1101 fuit,
781 1016 877 1111 idque
891 1016 1020 1122 nigrum
1039 1012 1184 1084 colorem
1201 1012 1317 1083 induit.
1336 1007 1390 1083 Sal
1401 1007 1573 1108 persicariae
1586 1015 1674 1083 mitis
1686 1012 1766 1084 nul-

405 1109 471 1183 lam
484 1105 593 1183 effecit
607 1108 866 1210 coagulationem
880 1141 891 1199 3
904 1134 964 1181 nec
976 1109 1019 1181 sal
1037 1109 1055 1180 ὲ
1068 1106 1189 1208 siliquis
1204 1105 1350 1178 fabarum
1362 1105 1493 1177 edusius
1508 1141 1519 1195 3
1534 1105 1662 1206 sanguis
1673 1131 1763 1181 arto-

405 1204 507 1280 riosus
523 1231 562 1278 ex
576 1211 673 1277 urina
684 1205 871 1295 admistione
889 1201 1043 1300 liquidior
1051 1202 1155 1277 fanus
1169 1204 1214 1293 est
1230 1210 1264 1275 dc
1288 1197 1420 1272 subflavi
1440 1199 1573 1277 coloris.

456 1308 517 1376 IX.
543 1298 714 1376 Confimili
726 1298 903 1376 rationefel
920 1298 1079 1373 bubulum
1099 1296 1241 1397 pluribus
1253 1293 1334 1368 valis
1348 1310 1518 1461 exce'qtum
1529 1299 1596 1386 est,
1615 1325 1655 1373 ac
1667 1307 1766 1380 seriis

406 1395 587 1495 liquoribus
599 1399 767 1485 admistis,
787 1397 865 1493 quid
882 1392 995 1494 singuli
1009 1396 1059 1466 vel
1081 1399 1115 1464 in
1138 1391 1337 1465 consistentia
1356 1447 1367 1478 ,
1391 1414 1431 1460 ve
1465 1397 1500 1462 in
1517 1394 1633 1467 colore'
1652 1421 1766 1471 mutaa

406 1497 504 1566 tionis
528 1491 693 1566 attulerint
714 1491 961 1590 ,exploratum
986 1489 1071 1561 Illud
1091 1486 1261 1561 universim
1286 1483 1490 1559 observatum
1512 1486 1586 1564 fuit.
1620 1519 1646 1566 1.
1682 1499 1765 1593 Spi-

403 1591 515 1662 ritusd
533 1585 648 1660 salibus
659 1583 833 1688 sulphureis
851 1584 1009 1659 extillatos
1025 1608 1081 1657 aut
1099 1582 1220 1656 nullam
1239 1642 1251 1672 ,
1282 1605 1338 1653 aut
1361 1606 1492 1679 parvam
1518 1594 1765 1664 concretionem

427 1683 581 1758 taebuiile.
616 1688 723 1778 Hujus
735 1686 861 1784 generis
886 1681 1016 1753 fuerunt
1043 1677 1168 1779 spiritus
1194 1676 1264 1752 salis
1284 1680 1480 1755 ammoniaci
1501 1739 1512 1770 ,
1533 1688 1590 1776 qui
1608 1683 1763 1776 nullam,

398 1707 528 1880 siniritus
543 1784 632 1868 vini,
646 1803 682 1854 ut
694 1778 893 1878 loquuntur,
912 1771 1102 1862 tartarisati‚
1124 1780 1182 1871 qui
1196 1798 1411 1876 perparuam,
1431 1799 1528 1872 purus
1542 1781 1609 1849 vini
1621 1772 1761 1876 spiritus,

425 1880 458 1947 ui
471 1876 570 1973 paulo
585 1886 743 1972 majorem
754 1881 788 1947 in
803 1866 993 1971 quibusdam
1011 1870 1094 1945 fellis
1110 1867 1274 1971 partibus3
1288 1871 1397 1965 liquor
1409 1878 1542 1964 tartari,
1558 1877 1618 1973 qui
1637 1872 1761 1950 nullam

397 1901 479 2047 iecit
495 1970 768 2071 coagulationem.

453 2071 581 2141 Contra
597 2061 723 2162 spiritus
738 2069 822 2141 acidi
834 2124 845 2155 ,
857 2089 894 2140 ut
908 2069 989 2137 aceti
1003 2063 1129 2164 spiritus
1143 2120 1154 2152 ,
1169 2067 1226 2161 qui
1248 2063 1383 2138 multam
1401 2073 1435 2140 dc
1460 2061 1610 2139 fibrosam
1628 2094 1766 2147 concreta

401 2164 527 2234 tionem
550 2197 561 2253 3
580 2184 708 2233 acetum
721 2161 825 2262 ipsum
845 2172 934 2256 cujus
947 2165 1048 2248 iidem
1059 2164 1140 2261 peni
1153 2159 1283 2233 fuerunt
1295 2158 1430 2235 effinus
1443 2197 1453 2252 3
1465 2157 1591 2260 spiritus
1603 2172 1762 2266 aeruginis,

405 2265 441 2332 &
453 2250 611 2369 sulphuris
618 2256 760 2369 ’multam
777 2283 911 2356 quoque
923 2312 934 2343 ,
948 2261 997 2328 uti
1013 2266 1046 2330 δε
1060 2256 1170 2328 oleum
1188 2258 1336 2346 vitrioli,
1355 2255 1480 2358 spiritus
1496 2257 1526 2370 e·
1538 2254 1661 2358 butyro
1678 2269 1763 2336 anti·

406 2349 1764 2550 illasii}illines‘lssaiiiillpnililil²pi⁰g¹illl—‚lid‘}ssli

410 2545 608 2619 mediocrem
628 2545 726 2621 dedit.

456 2643 583 2713 Succid
601 2641 753 2739 napello‚
770 2665 825 2714 aut
849 2646 867 2714 ὲ
891 2647 996 2713 cicuta
1019 2636 1151 2740 exprelli
1166 2636 1289 2710 nullam
1308 2671 1318 2728 3
1341 2638 1440 2712 solani
1458 2643 1618 2717 mortiferi
1634 2648 1763 2721 mistura

408 2741 460 2810 uti
472 2744 508 2806 δι
522 2759 629 2833 cepae,
652 2735 786 2833 raphani
808 2739 976 2823 rusticani,
992 2730 1192 2806 scorsonariae
1207 2759 1396 2832 perparvam
1415 2732 1589 2811 effecerunt
1611 2743 1765 2840 coagula·

410 2836 536 2904 tionem
552 2863 562 2918 3
576 2830 663 2902 nulla
680 2832 699 2902 ὲ
714 2855 864 2904 tanaceto
875 2888 886 2920 ,
897 2828 1012 2917 salvia,
1027 2827 1179 2914 menthi‚
1189 2834 1404 2926 imperatoria,
1420 2832 1571 2930 angelica,
1579 2833 1762 2925 lavendula,
1793 2899 1796 2906 .

410 2923 556 3011 melissa,
570 2926 589 2998 ὲ
604 2924 780 3016 cichoraeo,
794 2932 888 3028 apio,
903 2925 1049 3016 bistorta,
1058 2920 1237 3013 artemide,
1258 2917 1591 3029 scrophulariaminor
1611 2927 1700 3003 fana
1714 2934 1761 3006 est

344 3100 351 3119 Χ
411 3017 618 3093 condensatio
630 3045 686 3093 aut
700 3031 849 3098 mutatio.

467 3121 513 3191 X.
542 3118 630 3190 Cum
656 3117 692 3188 hi
714 3116 855 3216 liquores
874 3116 942 3189 felli
962 3119 1087 3193 admisti
1110 3122 1145 3189 in
1168 3113 1445 3190 crastinumdiem
1466 3114 1564 3191 edint
1589 3113 1765 3215 asservati,·

406 3217 501 3287 varia
525 3216 718 3285 mutationes
730 3219 764 3285 in
780 3214 1004 3314 coagulatione
1018 3226 1051 3290 dc
1069 3209 1231 3301 colorbus
1251 3210 1320 3285 sunt
1339 3211 1510 3286 observatae
1532 3242 1611 3311 quas
1626 3219 1762 3317 longum

405 3307 483 3383 esset
496 3306 678 3408 singillatim
693 3309 863 3387 recensere.
887 3310 1037 3382 Idunum
1057 3303 1218 3383 annotasse
1234 3307 1305 3380 satis
1330 3308 1425 3381 fuerit
1447 3367 1457 3397 ‚
1481 3314 1516 3379 in
1537 3313 1690 3385 omnibus
1714 3315 1763 3388 his

406 3400 659 3493 mutationibus,
670 3406 829 3504 quidquid
841 3404 1077 3495 concrescebat,
1088 3405 1120 3475 id
1132 3427 1230 3474 omne
1241 3401 1393 3477 fibrosum
1403 3401 1491 3476 fuisse
1504 3413 1538 3477 δι
1551 3405 1650 3479 levius
1662 3435 1672 3480 ε
1686 3436 1762 3484 nam

405 3499 527 3599 liquori
541 3501 574 3570 id
589 3526 686 3572 omne
701 3498 866 3574 innatabat
880 3560 889 3592 ,
904 3525 965 3573 nec
983 3509 1160 3601 quicquam
1182 3505 1216 3572 iu
1229 3526 1270 3570 eo
1283 3496 1420 3571 solidum
1437 3500 1523 3573 fuit:
1564 3505 1629 3574 uod
1653 3526 1763 3580 autem

405 3619 474 3683 non
488 3593 651 3672 densatum
662 3600 707 3678 est
720 3656 732 3688 ,
745 3599 777 3670 id
788 3593 919 3677 serosrus
931 3622 999 3673 erat
1012 3599 1106 3673 instar
1118 3594 1214 3668 lactei
1227 3589 1285 3668 seri
1302 3651 1315 3686 ,
1334 3620 1389 3668 aut
1400 3622 1490 3697 aquae
1513 3526 1699 3699 alanguine
1711 3599 1764 3685 se·,

405 3716 510 3768 cretae.

456 3795 572 3862 Ptaeter
583 3793 659 3864 duas
671 3790 739 3862 illas
752 3796 916 3891 portiones
934 3791 1096 3893 coagulati
1117 3794 1150 3861 δι
1163 3784 1260 3866 setosi
1273 3787 1418 3865 humoris
1439 3792 1584 3887 quadam
1599 3796 1766 3895 pinguedo

407 3879 486 3954 vasis
502 3885 652 3958 lateribus
664 3883 903 3963 adhaeresccbat.

493 4004 546 4050 uas
564 3978 689 4080 spiritus
707 3987 801 4069 nitri,
824 4007 878 4056 aut
890 4010 974 4083 aqua
991 3982 1085 4057 sortis
1098 3987 1319 4056 concretiones
1334 3982 1487 4057 dederunt
1504 4043 1515 4074 ‚
1532 4011 1577 4059 eae
1600 3988 1676 4060 solae
1697 4013 1766 4062 non

409 4072 495 4150 fibro
508 4101 557 4162 ar,
581 4076 684 4148 sedin
707 4101 839 4172 grumos
859 4090 893 4155 δε
908 4088 942 4153 in
956 4080 1101 4181 spumam
1122 4077 1192 4152 sunt
1218 4073 1334 4153 divisae.
1359 4085 1442 4176 Qua
1465 4081 1486 4152 d
1507 4083 1599 4252 {alle
1619 4087 1766 4160 exercens

410 4171 498 4244 facta
513 4170 557 4242 est
571 4171 766 4260 cumulatio,
781 4198 817 4243 ea
831 4183 978 4248 omniurn
993 4172 1245 4250 firmiffimavisa
1257 4176 1323 4264 est,
1338 4186 1372 4252 δι
1386 4181 1492 4250 omnis
1543 4180 1577 4250 ri
1596 4175 1769 4253 serenatis

408 4291 538 4365 expers,
556 4254 808 4368 quae'separatim
821 4269 946 4346 densata
959 4270 1095 4374 speeiem
1109 4271 1255 4370 gelatinae
1267 4271 1412 4368 praebuit.

462 4366 537 4436 Alia
558 4389 691 4462 quoque
703 4374 835 4439 &varia
847 4374 881 4439 in
896 4367 1047 4469 sanguine
1064 4393 1135 4440 turn
1156 4362 1276 4438 venoso
1298 4425 1309 4458 ,
1328 4390 1398 4439 tum
1421 4367 1574 4443 arterioso
1598 4368 1767 4466 &jugulari

410 4484 493 4535 vena
506 4471 539 4534 dc
550 4465 665 4536 arteria
678 4465 820 4534 carotide
834 4471 908 4562 agni
926 4461 1018 4537 millo
1041 4462 1128 4535 fresa
1145 4461 1216 4535 sunt
1230 4468 1446 4560 experimenta
1461 4522 1472 4552 ,
1495 4489 1565 4563 quae
1579 4461 1766 4540 summatim

410 4562 567 4659 attingere
578 4552 651 4628 satis
662 4555 769 4630 suerit.
800 4564 890 4633 Huic
905 4561 1036 4633 admista
1047 4558 1120 4634 sunt
1135 4552 1257 4628 diversa
1276 4555 1387 4629 salium
1403 4587 1542 4660 genera,
1555 4565 1702 4648 nitrum,
1720 4561 1765 4636 sal

410 4658 614 4740 communis,
626 4648 668 4724 sal
687 4653 706 4728 ὃ
722 4648 841 4751 siliquis
855 4654 1024 4745 fabarum,
1038 4677 1214 4738 tartarum,
1231 4676 1328 4751 atque
1342 4652 1409 4727 ltaec
1425 4660 1537 4727 omnia
1560 4655 1685 4728 nullam
1710 4677 1767 4733 aut

409 4770 600 4851 perparvam
611 4742 788 4856 effecerunt
807 4750 1065 4854 coagulationem
1082 4749 1194 4828 colore
1206 4749 1556 4831 uomuhilimmutato.
1584 4751 1668 4828 Salis
1678 4751 1767 4855 poliq
