3646 5430
408 336 770 429 xACithildlAE
811 353 1306 434 remotissimi.
1444 387 1499 457 io5

183 481 247 530 mco
258 446 491 524 obervandam
504 471 728 548 compararent
746 455 830 522 intra
844 447 914 539 sex,
931 447 1093 548 septemve
1112 454 1201 539 dies,
1220 451 1350 550 ejusque
1363 453 1499 527 reditum
1518 439 1636 536 Obsff·

178 552 231 649 poll
251 569 455 650 peragratum
471 545 608 617 alterum
623 544 707 614 Solis
725 541 980 642 hemispherium
1002 546 1042 614 ad
1066 575 1093 635 ι.
1118 547 1314 643 Septembris
1331 546 1476 620 fututum
1492 607 1502 640 ,
1518 560 1591 615 vat.

177 647 246 740 quod
259 665 395 804 ινςιιίξιιε
405 638 478 806 [lpse
492 637 716 739 comprobavit
733 663 742 709 t
760 665 837 710 iiam
850 642 961 711 eodeni
974 643 1024 711 die
1042 644 1076 711 in
1092 641 1239 713 orientali
1258 645 1342 716 Solis
1361 651 1505 744 margine

173 765 197 811 u
246 762 441 810 mmae.

197 764 250 906 ‘bh
263 835 378 933 primis
394 854 503 903 autem
516 827 788 902 observationibus
797 827 969 927 collegerat
979 830 1129 901 dirimum
1139 853 1265 903 motum
1276 828 1413 900 Macula
1423 835 1508 901 eirca

167 929 241 1002 Solis
251 951 348 999 axem
361 928 520 1024 graduum
539 951 566 1012 ιι
581 980 592 1012 ,
610 934 643 996 &
659 948 786 1017 tempus
802 926 969 1020 periodica
983 926 1189 998 restitutionis
1203 927 1243 996 ad
1266 924 1347 995 Solis
1361 950 1506 996 centrum
1589 983 1592 991 .

165 1047 317 1193 iiiiii
329 1018 1012 1197 disimilis·..Passim
1026 1019 1508 1188 {iili‘h.ssi⁵i‘2'liii”“l?

165 1221 229 1287 cuit
246 1220 298 1285 D.
315 1209 449 1284 Colbert
462 1142 681 1281 obser’vltione
692 1141 822 1307 prppm
841 1233 908 1280 rem
922 1140 1025 1308 ipsabh
1039 1214 1174 1309 experiri
1193 1237 1202 1282 r
1225 1211 1314 1310 quod
1328 1208 1368 1279 ab
1385 1171 1427 1279 ed
1439 1142 1509 1279 sac-

167 1335 240 1383 tum
262 1332 329 1378 non
347 1302 408 1376 sine
428 1304 596 1401 voluptate
609 1303 683 1375 suit.

188 1410 272 1495 ‚ll-
305 1399 372 1472 Sub
393 1400 477 1470 idem
499 1423 626 1496 tempus
645 1395 799 1490 infignem
819 1397 1073 1473 observationem
1101 1401 1211 1474 habuit
1236 1407 1280 1476 D.
1305 1396 1423 1472 Callisti
1445 1402 1511 1468 cir.

171 1528 207 1572 ca
227 1505 400 1582 Saturnum
425 1522 435 1566 ι
456 1519 531 1564 cum
546 1499 633 1564 enim
645 1517 684 1563 eit
706 1493 932 1589 hypothesibus
952 1501 998 1568 D.
1020 1502 1155 1590 Hugens
1173 1502 1324 1567 Saturnus
1344 1497 1511 1579 rotundus,

173 1606 204 1669 ἃ
225 1592 288 1665 sne
317 1586 404 1662 aufis
428 1612 577 1686 appatere
607 1586 801 1660 debuiiietii
828 1587 933 1660 mense
956 1590 1042 1685 lulio
1062 1592 1104 1660 ad
1128 1588 1312 1689 sequentem
1333 1588 1430 1684 usque
1454 1615 1515 1658 an-

171 1715 243 1762 num
258 1743 271 1775 ,
289 1695 364 1778 jam
379 1679 466 1755 ansas
485 1680 656 1782 deposuisse
672 1682 755 1754 visus
771 1686 815 1755 est
830 1689 914 1754 circa
934 1680 1033 1755 finem
1055 1689 1138 1757 Maii
1161 1690 1202 1756 ad
1224 1688 1427 1757 undecimum
1459 1681 1514 1754 us-

171 1810 228 1881 qiie
253 1777 376 1852 mensis
398 1779 530 1878 Augusti
549 1775 689 1868 ejusdem
711 1782 788 1849 aniii
811 1805 820 1850 ε
841 1774 893 1849 sed
915 1780 1022 1849 triduo
1047 1784 1117 1877 post
1137 1780 1231 1850 illuni
1247 1777 1425 1853 observavit
1438 1805 1514 1850 cum

168 1876 241 1950 anfis
262 1872 441 1960 tenuibus,
464 1871 580 1970 quibus
598 1874 766 1944 instrndius
780 1899 836 1971 per
851 1877 927 1944 anni
944 1872 1104 1969 reliquum
1131 1873 1341 1971 perseveravit
1356 1929 1366 1959 ‚
1380 1881 1461 1970 utin
1474 1873 1516 1944 h-

170 1998 242 2075 gura
271 1980 308 2044 bt
343 1966 462 2066 scripto
491 1970 579 2039 edito
607 1991 677 2036 tuni
700 1968 937 2038 demonstravit.
980 1973 1078 2040 Hanc
1107 1975 1275 2065 Hugenius
1308 1966 1428 2040 censuit
1453 1969 1516 2042 ess'e

170 2069 438 2163 interruptionem
458 2064 600 2134 rotundae
616 2057 737 2159 phasis,
763 2085 828 2154 qua
840 2069 907 2155 ejus
918 2061 1101 2160 hypothesis
1120 2063 1222 2161 posset
1243 2062 1388 2136 eradiitls
1401 2085 1518 2137 conte.

172 2163 342 2259 xi,qu?tm
359 2155 428 2229 fieti
442 2163 582 2257 potuerit
600 2179 672 2228 ante
690 2155 745 2226 has
758 2153 992 2228 observationes
1016 2212 1027 2244 ,
1049 2159 1220 2230 rotundam
1247 2156 1368 2258 phasim
1395 2160 1519 2230 reditu-

173 2285 238 2330 ram
252 2251 363 2328 mense
377 2252 552 2324 Decembri
574 2255 724 2350 protinio
743 2308 754 2339 ,
779 2276 816 2322 ac
829 2253 1013 2323 duraturam
1026 2250 1126 2347 usque
1140 2255 1179 2322 ad
1195 2257 1446 2326 occultationem
1458 2260 1534 2326 §aa

174 2348 255 2441 trimi
273 2375 339 2447 ptae
352 2345 436 2418 Solis
449 2348 564 2436 radiis·,
579 2347 682 2417 estate
700 2349 779 2417 vetr‘i
803 2352 878 2417 anni
903 2344 1094 2441 insequentis
1119 2349 1270 2418 redituras
1292 2345 1381 2418 ansas
1407 2351 1519 2421 eadem

174 2448 295 2531 sormi,
307 2464 409 2539 quam
424 2464 500 2512 tuuc
536 2439 729 2513 referebant·
757 2447 837 2512 Haec
852 2439 1077 2536 comprobavit
1093 2463 1224 2509 eventus
1241 2447 1415 2512 :Saturnus
1425 2468 1520 2512 nam-

176 2568 238 2640 que
252 2539 368 2701 quidqd
385 2533 479 2702 burg
490 2470 588 2705 usqipe
599 2534 716 2698 ¹mpnsis
730 2534 927 2698 Novenqbris
941 2534 1024 2607 ΙΙ).
1038 2531 1161 2643 §affini
1172 2557 1245 2605 cuni
1259 2535 1339 2604 ansis
1353 2535 1396 2603 est
1410 2533 1521 2605 obser-

178 2660 274 2707 uatus
286 2687 300 2713 ,
333 2645 425 2705 ie16.
472 2656 556 2703 ecem
581 2654 621 2701 ris
652 2655 736 2700 enuo
754 2652 849 2700 rotun
872 2654 940 2699 usa
1005 2650 1079 2701 tuit.

230 2714 501 2801 Observationum
515 2753 585 2825 quae
594 2727 615 2796 a
625 2731 671 2796 D.
684 2725 816 2810 Picard,
831 2653 1197 2797 Eustachllsssattholino
1208 2729 1325 2796 eximio
1336 2721 1524 2794 Mathema-

180 2828 292 2896 tico&
304 2821 460 2907 Medico,
477 2832 604 2891 nec‘non
622 2820 642 2888 ὲ
661 2823 707 2891 D.
723 2823 866 2890 Ro'e'mer
886 2814 1083 2904 factasunt,
1102 2847 1139 2890 ea
1151 2818 1219 2891 sere
1232 2824 1276 2891 est
1291 2818 1423 2889 sumnia·
1535 2873 1542 2882 .

223 2925 287 2990 lll.
311 2913 459 2990 Primtlm
482 2915 611 2987 Hafniae
630 2912 722 2985 sirum
737 2940 811 2984 cum
829 2913 1023 3008 Vranibnrgi
1038 2912 1194 3008 pofitione
1208 2916 1387 3011 diligentius
1405 2938 1526 3011 expen-

177 3015 220 3084 dit
241 3019 289 3086 D.
313 3012 440 3084 l’icard.
472 3008 651 3106 Utriusque
673 3010 845 3081 Meridiani
868 3005 1079 3079 differentiani
1103 3007 1239 3081 accense
1259 3007 1386 3108 ignibus
1415 3014 1524 3105 cepit,

179 3112 279 3204 quiin
293 3103 659 3206 pomitaccuratislimi.
691 3108 790 3180 Primi
810 3099 1050 3199 satellititJovis
1062 3101 1191 3203 eclipses
1203 3127 1359 3200 quantum
1372 3130 1428 3201 per
1439 3128 1524 3175 tem·

219 3202 362 3286 slicuit,
373 3197 417 3270 ab
429 3224 472 3271 eo
483 3197 554 3270 sunt
567 3200 734 3297 diligenter
747 3196 937 3284 observatae,
951 3221 1021 3293 quae
1038 3192 1147 3270 iisdem
1160 3197 1358 3296 temporibus
1374 3224 1450 3269 cum
1464 3197 1526 3269 ob·

190 3293 411 3371 creationibus
426 3299 473 3367 D.
485 3292 606 3366 Callini
622 3295 744 3367 collatae
761 3294 1018 3367 Meridianorurn
1037 3291 1168 3367 Hasniae
1180 3353 1192 3384 ,
1205 3292 1398 3392 Vraniburgi
1410 3303 1444 3368 dt
1462 3299 1527 3366 Lu.

180 3399 257 3465 ntia
276 3387 478 3462 differentias
493 3387 704 3484 prebuerunt.

226 3495 288 3562 lv.
314 3488 428 3578 Atque
449 3481 513 3552 boc
531 3487 694 3555 commodi
710 3485 782 3554 inde
800 3485 945 3556 futurum
957 3484 1024 3567 est,
1046 3484 1135 3577 quiid
1157 3486 1272 3557 tabulae
1297 3484 1528 3554 Astronomirae

183 3579 463 3679 ad'l'ychonianas
487 3575 722 3650 observationes
744 3577 910 3648 elaborata
930 3574 1089 3650 Parisiensi
1110 3582 1295 3649 Meridiano
1312 3587 1413 3673 aptari
1435 3577 1529 3651 facile

258 3698 356 3760 runt,
380 3699 459 3745 cum
476 3679 665 3745 recentiores
684 3674 870 3745 Astronomi
888 3668 1011 3744 tabulas
1028 3666 1096 3740 suas
1114 3673 1154 3741 ad
1176 3672 1391 3743 Meridiaiium
1412 3677 1531 3746 Vrani-

212 3775 277 3868 iitgi
366 3792 492 3854 etant,
512 3768 603 3864 quod
625 3769 846 3865 Tyrhonianae
867 3764 1103 3839 observationes
1121 3763 1217 3865 longe
1242 3764 1303 3836 sirit
1321 3772 1532 3840 accuratiores

191 3868 224 3935 δι
238 3891 271 3933 m
302 3863 340 3936 τὸ
352 3859 585 3935 numerosiores
607 3867 707 3960 quim
724 3862 793 3935 alite
807 3886 921 3936 omnes
938 3857 1208 3936 Asttunumotum
1223 3868 1281 3960 qui
1296 3884 1371 3932 ante
1393 3865 1534 3962 Tyeho·

189 3966 269 4029 n'em
288 3958 483 4030 exstiterunt.

201 4050 208 4057 ’
240 4060 286 4126 V.
304 4055 383 4146 Qu
397 4075 506 4124 autem
519 4053 745 4152 Tychonianis
760 4047 1031 4123 observationibus
1046 4109 1055 4138 ‚
1074 4076 1110 4125 ut
1124 4058 1216 4126 certis
1231 4063 1265 4127 δι
1286 4050 1468 4126 indubitatis
1486 4061 1533 4128 uti

187 4148 323 4235 liceret‘,
333 4148 506 4244 idquoque
519 4147 725 4220 necessarium
738 4148 820 4234 fuit,
833 4171 868 4215 ut
883 4146 1020 4218 altitudo
1036 4148 1105 4219 Poli
1118 4158 1152 4223 δι
1172 4145 1356 4223 differentia
1377 4154 1534 4221 Meridie-

188 4264 309 4316 norum
320 4244 466 4316 accurate
479 4245 737 4337 expenderentur.
768 4239 986 4335 Utrumque'a
1000 4248 1043 4317 D·
1057 4245 1168 4314 Picard
1187 4243 1373 4316 confestum
1387 4270 1395 4313 τ
1412 4247 1482 4315 Poli
1491 4244 1536 4315 al·

189 4338 293 4411 titudo
316 4362 384 4410 nori
407 4336 548 4434 amplius
568 4338 670 4434 quam
692 4365 760 4409 uno
780 4343 907 4407 minuto
926 4333 968 4405 ab
989 4361 1027 4407 ea
1052 4363 1152 4434 quam
1168 4339 1288 4436 Tycho
1302 4335 1535 4426 observaverat,

191 4428 314 4505 differre
325 4429 393 4506 visa
409 4433 477 4504 est:
495 4431 551 4504 ¹sed
566 4437 822 4506 Meridianoium
835 4425 1013 4502 differentia
1032 4432 1086 4504 lon
1112 4436 1130 4506 ὲ
1146 4443 1249 4525 major
1265 4439 1413 4520 inventa,
1433 4437 1536 4532 quini

192 4529 388 4626 {Tychorie
406 4528 468 4599 fuit
487 4527 625 4602 definita.
640 4534 738 4601 Linea
749 4551 881 4627 quoque
893 4459 1120 4611 meridianaah
1131 4555 1172 4605 eo
1185 4531 1341 4602 delineata
1352 4527 1421 4624 plus
1433 4537 1537 4626 quam

191 4649 235 4718 ao
248 4629 384 4696 minutis
398 4625 420 4697 ὲ
439 4647 514 4694 vera
532 4622 709 4698 aberrabat.

233 4726 296 4810 ,Vl-
323 4717 524 4822 Complures
539 4718 609 4793 alie
626 4719 667 4792 ab
685 4719 744 4795 illo
767 4715 861 4791 facte
872 4714 944 4792 sunt
958 4715 1220 4810 observationes,
1242 4742 1320 4818 quas
1335 4717 1468 4884 gridon
1489 4740 1542 4793 ata
