3646 5430
769 317 1311 422 PRAEFATIO.

356 461 603 562 Tabulariis
625 462 875 562 Academiae
898 455 1084 598 sparsas,
1117 495 1167 554 ex
1195 464 1322 554 omni
1344 489 1454 592 pene
1485 455 1714 555 doctrina:

356 638 449 697 rum
480 635 638 740 genere
665 600 912 738 decerptas,
949 593 1008 692 sre
1026 597 1257 737 explicatas
1279 590 1587 731 compltdlritur
1617 675 1631 718 ,
1662 629 1712 695 ut

356 738 655 883 perspicuitati
678 774 776 837 non
795 731 916 833 obsit
949 731 1168 854 brevitas,
1206 769 1289 830 nec
1317 729 1521 831 brevitati
1545 729 1711 872 perspi-

220 927 225 935 ·
359 870 507 975 cui'tas.
557 881 659 975 Tot
684 872 885 1015 praeclara
907 885 1088 974 inventa
1111 879 1326 1010 &generi
1357 866 1556 966 humano
1587 871 1714 968 utilia

355 1021 404 1110 in
442 1010 664 1148 Physrcis,
701 1013 967 1145 Chyrnicis,
1003 1021 1050 1107 in
1077 1048 1122 1107 re
1146 1005 1402 1127 Herbaria,
1438 1014 1717 1130 Anatornia,

351 1156 615 1249 *Georncrria
639 1233 653 1275 ,
673 1148 895 1292 Algebra,
919 1149 1221 1269 Mechanica,
1235 1145 1578 1282 Hydrostatica,
1599 1154 1715 1243 Dio-

356 1298 497 1427 ptriea
529 1334 541 1404 3
579 1326 649 1397 tot
685 1290 875 1429 denique
911 1286 1244 1387 observationes
1281 1321 1378 1383 non
1403 1284 1552 1381 mimis
1588 1284 1717 1381 utiles

353 1412 492 1564 'quim
523 1429 725 1554 jucundae
757 1437 804 1526 in
834 1426 1123 1527 Astronomia
1154 1460 1230 1564 per
1263 1463 1317 1543 34
1345 1459 1485 1521 annos
1509 1413 1634 1520 faetae
1671 1430 1718 1520 in

280 1666 293 1681 ὴ
355 1600 496 1663 unum
515 1566 831 1706 velutico'rpus
851 1561 910 1662 src
930 1565 1189 1663 coaluerunt
1206 1598 1272 1684 ur,
1291 1559 1508 1680 delectus,
1532 1562 1718 1682 ordinis,

357 1715 403 1800 δέ
430 1711 587 1803 nitoris
606 1696 1013 1842 ratiopotillnnum
1033 1702 1187 1800 habita
1203 1694 1348 1800 suerit.

360 1934 369 1945 ,
428 1847 602 1982 Magna
622 1881 803 1981 quoquc
823 1876 990 1963 rerum,
1013 1879 1109 1979 quae
1127 1841 1217 1937 hoc
1235 1839 1463 1936 volumine
1478 1850 1720 1942 continenss

358 2012 428 2089 tur
440 2056 455 2106 ,
477 1990 656 2079 varietas
676 1979 721 2075 id
742 1978 898 2116 procul
921 1977 1072 2107 dubio¹
1093 1977 1250 2077 efficiet
1274 2057 1289 2098 ,
1327 2012 1378 2077 ut
1403 1980 1526 2115 quod
1547 1992 1722 2079 unicui-

357 2124 593 2258 que'magis
613 2117 848 2236 arridebit,
863 2117 1229 2258 idampledlatur.
1274 2115 1402 2218 Alios
1425 2113 1619 2251 Physreae
1642 2114 1724 2218 dis-

356 2257 642 2377 sertationes,
665 2293 760 2396 quae
784 2270 828 2355 δι
854 2293 1040 2357 numero
1072 2255 1172 2357 sunt
1195 2257 1480 2395 complures,
1510 2271 1554 2356 δε
1577 2294 1722 2358 terum

358 2397 574 2534 dignitate
593 2392 784 2535 insignes
815 2479 828 2520 ,
863 2399 971 2494 alios
988 2395 1263 2498 Animalium
1285 2396 1482 2494 Historia
1504 2476 1517 2517 ,
1557 2397 1722 2496 multos

358 2541 633 2655 Anatomia,
670 2536 915 2635 nonnullos
982 2535 1150 2632 raeclata
1170 2551 1214 2633 &
1235 2545 1336 2634 virae
1369 2533 1571 2634 humanae
1599 2535 1722 2634 utilia

363 2669 568 2800 Chymine
596 2708 748 2769 arcana
771 2574 1099 2771 oblediabunt:
1128 2707 1178 2768 ut
1199 2707 1363 2770 taceam
1392 2673 1446 2768 de
1465 2673 1723 2770 Mathema-

361 2817 456 2904 r'icis
478 2805 743 2945 disciplinis,
760 2848 945 2949 quarum
962 2809 1082 2908 nulla
1110 2848 1205 2951 pars
1234 2809 1330 2931 cst,
1362 2847 1457 2945 qua:
1482 2810 1725 2908 incredibi-

361 2943 448 3043 lem
468 2953 618 3042 animo
638 2948 917 3087 voluptatem
941 2987 1043 3047 cum
1063 2943 1270 3089 srngulari
1290 2947 1478 3047 utilitate
1505 2955 1726 3081 conjunc-

362 3116 451 3180 tam
475 3119 568 3180 non
590 3079 751 3183 asserat.
780 3098 1069 3225 Praeterquam
1087 3087 1211 3224 qudd
1228 3123 1280 3182 ex
1298 3097 1347 3184 iis
1364 3086 1579 3227 pleraeque
1595 3128 1724 3189 corn-

302 3276 315 3281 ·’
360 3257 496 3320 mune
520 3223 747 3356 quoddam
769 3223 940 3324 habent
960 3263 1063 3330 eum
1085 3221 1268 3358 Pbysrea
1286 3226 1529 3349 vinculum,
1550 3243 1592 3327 &
1611 3268 1723 3366 qua·

362 3359 630 3470 damveluri
656 3373 929 3502 cognatione
950 3373 1065 3462 inter
1094 3360 1138 3460 se
1169 3373 1489 3487 eontinentur,
1531 3403 1580 3464 ut
1611 3375 1724 3468 Me.

243 3584 251 3589 .
361 3496 558 3617 chanica,
583 3501 916 3632 Hydrostariea,
937 3511 1104 3642 Optica
1123 3519 1166 3602 δε
1186 3502 1475 3604 Astronomia
1495 3515 1723 3645 imprimis,

360 3673 456 3771 quae
479 3673 565 3773 prae
586 3647 747 3738 caretis
766 3642 938 3740 videtur
962 3641 1166 3762 exculta,
1186 3651 1398 3779 quoniam
1418 3641 1721 3781 pulcherrimae

361 3771 475 3869 illius
508 3771 721 3897 scientiae,
755 3818 851 3916 quae
880 3789 1155 3919 navigationi
1171 3782 1282 3877 adeo
1304 3780 1364 3879 est
1387 3782 1644 3907 necessaria,
1681 3800 1726 3883 &

360 3907 563 4015 Ecclesiae
591 3911 670 4050 ipsr
698 3916 930 4050 perutilis,
962 3917 1283 4056 promovendae
1323 3924 1449 4016 causi
1480 3923 1724 4018 Academia

357 4042 631 4190 porillimum
666 4045 752 4149 suit
783 4053 1055 4167 constituta,
1089 4071 1133 4154 &
1172 4053 1537 4156 Observatorium
1581 4070 1723 4203 Regia

358 4183 663 4291 munificentia
681 4191 964 4295 exstrtrdlum.
1019 4199 1164 4292 Mitto
1188 4194 1242 4289 de
1265 4200 1547 4318 Geometria,
1568 4203 1724 4299 Arith-

359 4332 520 4431 merita
549 4339 593 4423 dc
619 4325 817 4465 Algebra
837 4331 993 4428 dicere.
1067 4332 1218 4430 Multa
1253 4334 1352 4430 sane
1385 4348 1428 4432 &
1459 4334 1568 4434 scitu
1589 4342 1725 4479 digna

362 4474 474 4573 eirca
498 4460 611 4572 lranc
631 4476 855 4605 puriorem
879 4464 1124 4573 Mathesrm
1147 4470 1450 4582 inventasunt
1469 4555 1483 4599 ‚
1503 4513 1597 4614 quae
1620 4481 1727 4587 edm

1563 4652 1726 4762 magna
