<?xml version="1.0" encoding="UTF-8"?>
<!DOCTYPE html PUBLIC "-//W3C//DTD XHTML 1.0 Transitional//EN"
    "http://www.w3.org/TR/xhtml1/DTD/xhtml1-transitional.dtd">
<html xmlns="http://www.w3.org/1999/xhtml" xml:lang="en" lang="en">
 <head>
  <title>
</title>
<meta http-equiv="Content-Type" content="text/html;charset=utf-8" />
  <meta name='ocr-system' content='tesseract 3.04.00' />
  <meta name='ocr-capabilities' content='ocr_page ocr_carea ocr_par ocr_line ocrx_word'/>
</head>
<body>
  <div class='ocr_page' id='page_1' title='image "./historia00hamegoog_0014.png"; bbox 0 0 3646 5430; ppageno 0'>
   <div class='ocr_carea' id='block_1_1' title="bbox 110 278 1491 4671">
    <p class='ocr_par' dir='ltr' id='par_1_1' title="bbox 522 278 1082 407">
     <span class='ocr_line' id='line_1_1' title="bbox 522 278 1082 407; baseline 0.005 -20"><span class='ocrx_word' id='word_1_1' title='bbox 522 292 557 387; x_wconf 89' lang='lat' dir='ltr'>P</span> <span class='ocrx_word' id='word_1_2' title='bbox 587 288 633 385; x_wconf 84' lang='lat' dir='ltr'>R</span> <span class='ocrx_word' id='word_1_3' title='bbox 658 286 718 399; x_wconf 54' lang='grc' dir='ltr'>ΛΕ</span> <span class='ocrx_word' id='word_1_4' title='bbox 751 290 783 385; x_wconf 84' lang='lat' dir='ltr'>F</span> <span class='ocrx_word' id='word_1_5' title='bbox 816 278 858 387; x_wconf 67' lang='grc' dir='ltr'><strong>Α</strong></span> <span class='ocrx_word' id='word_1_6' title='bbox 886 286 934 387; x_wconf 83' lang='lat' dir='ltr'>&#39;l&#39;</span> <span class='ocrx_word' id='word_1_7' title='bbox 962 294 1082 407; x_wconf 79' lang='lat'>10,</span> 
     </span>
    </p>

    <p class='ocr_par' dir='ltr' id='par_1_2' title="bbox 111 414 1487 1952">
     <span class='ocr_line' id='line_1_2' title="bbox 111 414 1482 572; baseline 0.004 -42"><span class='ocrx_word' id='word_1_8' title='bbox 111 462 282 572; x_wconf 78' lang='lat' dir='ltr'>magna</span> <span class='ocrx_word' id='word_1_9' title='bbox 300 458 355 523; x_wconf 82' lang='lat' dir='ltr'>ex</span> <span class='ocrx_word' id='word_1_10' title='bbox 378 454 502 565; x_wconf 79' lang='lat' dir='ltr'>parre</span> <span class='ocrx_word' id='word_1_11' title='bbox 529 414 824 525; x_wconf 76' lang='lat' dir='ltr'>editafuerint</span> <span class='ocrx_word' id='word_1_12' title='bbox 850 432 1020 527; x_wconf 82' lang='lat' dir='ltr'>crimin</span> <span class='ocrx_word' id='word_1_13' title='bbox 1042 422 1357 553; x_wconf 78' lang='lat' dir='ltr'>Miscellaneis,</span> <span class='ocrx_word' id='word_1_14' title='bbox 1386 468 1482 535; x_wconf 90' lang='lat' dir='ltr'>tum</span> 
     </span>
     <span class='ocr_line' id='line_1_3' title="bbox 114 553 1482 707; baseline 0.007 -42"><span class='ocrx_word' id='word_1_15' title='bbox 114 579 167 675; x_wconf 85' lang='lat' dir='ltr'>in</span> <span class='ocrx_word' id='word_1_16' title='bbox 212 553 314 707; x_wconf 82' lang='lat' dir='ltr'>ipsis</span> <span class='ocrx_word' id='word_1_17' title='bbox 353 558 732 667; x_wconf 71' lang='lat' dir='ltr'>Academicorum</span> <span class='ocrx_word' id='word_1_18' title='bbox 767 560 1197 695; x_wconf 78' lang='lat' dir='ltr'>lucubrationibus,</span> <span class='ocrx_word' id='word_1_19' title='bbox 1244 571 1355 668; x_wconf 82' lang='lat' dir='ltr'>nihil</span> <span class='ocrx_word' id='word_1_20' title='bbox 1392 611 1482 675; x_wconf 80' lang='lat' dir='ltr'>erat</span> 
     </span>
     <span class='ocr_line' id='line_1_4' title="bbox 113 697 1481 848; baseline 0 -37"><span class='ocrx_word' id='word_1_21' title='bbox 113 704 254 811; x_wconf 68' lang='lat' dir='ltr'>causat</span> <span class='ocrx_word' id='word_1_22' title='bbox 274 736 349 803; x_wconf 89' lang='lat' dir='ltr'>cur</span> <span class='ocrx_word' id='word_1_23' title='bbox 373 732 447 799; x_wconf 81' lang='lat' dir='ltr'>tor</span> <span class='ocrx_word' id='word_1_24' title='bbox 468 697 596 801; x_wconf 68' lang='lat' dir='ltr'>rebus</span> <span class='ocrx_word' id='word_1_25' title='bbox 620 775 641 821; x_wconf 79' lang='lat'>‚</span> <span class='ocrx_word' id='word_1_26' title='bbox 673 734 771 837; x_wconf 79' lang='lat' dir='ltr'>quae</span> <span class='ocrx_word' id='word_1_27' title='bbox 788 706 996 809; x_wconf 68' lang='lat' dir='ltr'>inuitur</span> <span class='ocrx_word' id='word_1_28' title='bbox 1024 704 1170 807; x_wconf 73' lang='lat' dir='ltr'>dorm</span> <span class='ocrx_word' id='word_1_29' title='bbox 1186 706 1361 848; x_wconf 85' lang='lat' dir='ltr'>plurimi</span> <span class='ocrx_word' id='word_1_30' title='bbox 1397 717 1481 811; x_wconf 80' lang='lat' dir='ltr'>du-</span> 
     </span>
     <span class='ocr_line' id='line_1_5' title="bbox 113 832 1482 961; baseline 0.003 -12"><span class='ocrx_word' id='word_1_31' title='bbox 113 832 605 961; x_wconf 61' lang='lat' dir='ltr'>cuntur‚sud‚rninime</span> <span class='ocrx_word' id='word_1_32' title='bbox 625 836 865 941; x_wconf 69' lang='lat' dir='ltr'>moestitiis</span> <span class='ocrx_word' id='word_1_33' title='bbox 881 840 1003 949; x_wconf 82' lang='lat' dir='ltr'>hunc</span> <span class='ocrx_word' id='word_1_34' title='bbox 1024 839 1208 959; x_wconf 77' lang='lat' dir='ltr'>Librum</span> <span class='ocrx_word' id='word_1_35' title='bbox 1234 882 1482 953; x_wconf 80' lang='lat' dir='ltr'>onerarem.</span> 
     </span>
     <span class='ocr_line' id='line_1_6' title="bbox 116 977 1486 1128; baseline -0.001 -47"><span class='ocrx_word' id='word_1_36' title='bbox 116 990 350 1122; x_wconf 71' lang='lat' dir='ltr'>Qicirer</span> <span class='ocrx_word' id='word_1_37' title='bbox 365 981 640 1089; x_wconf 63' lang='lat' dir='ltr'>&amp;oneum</span> <span class='ocrx_word' id='word_1_38' title='bbox 666 977 942 1121; x_wconf 57' lang='lat' dir='ltr'>&amp;Argeum</span> <span class='ocrx_word' id='word_1_39' title='bbox 971 979 1269 1104; x_wconf 62' lang='lat' dir='ltr'>theoremata,</span> <span class='ocrx_word' id='word_1_40' title='bbox 1288 1023 1362 1086; x_wconf 78' lang='lat' dir='ltr'>eut</span> <span class='ocrx_word' id='word_1_41' title='bbox 1378 1024 1486 1128; x_wconf 88' lang='lat' dir='ltr'>pro..</span> 
     </span>
     <span class='ocr_line' id='line_1_7' title="bbox 114 1117 1487 1240; baseline 0.007 -16"><span class='ocrx_word' id='word_1_42' title='bbox 114 1121 312 1233; x_wconf 74' lang='lat' dir='ltr'>blemati</span> <span class='ocrx_word' id='word_1_43' title='bbox 330 1125 558 1225; x_wconf 75' lang='lat' dir='ltr'>enuntiare</span> <span class='ocrx_word' id='word_1_44' title='bbox 570 1148 818 1223; x_wconf 63' lang='lat' dir='ltr'>coornatus</span> <span class='ocrx_word' id='word_1_45' title='bbox 841 1198 861 1240; x_wconf 76' lang='lat'>,</span> <span class='ocrx_word' id='word_1_46' title='bbox 889 1117 1058 1223; x_wconf 81' lang='lat' dir='ltr'>horum</span> <span class='ocrx_word' id='word_1_47' title='bbox 1087 1120 1487 1233; x_wconf 64' lang='lat' dir='ltr'>dermursur-sonu</span> 
     </span>
     <span class='ocr_line' id='line_1_8' title="bbox 114 1254 1486 1400; baseline -0.001 -40"><span class='ocrx_word' id='word_1_48' title='bbox 114 1295 177 1360; x_wconf 85' lang='lat' dir='ltr'>ut</span> <span class='ocrx_word' id='word_1_49' title='bbox 194 1266 233 1357; x_wconf 87' lang='lat' dir='ltr'>iu</span> <span class='ocrx_word' id='word_1_50' title='bbox 251 1254 377 1355; x_wconf 88' lang='lat' dir='ltr'>libris</span> <span class='ocrx_word' id='word_1_51' title='bbox 400 1263 488 1383; x_wconf 67' lang='lat' dir='ltr'>jorn</span> <span class='ocrx_word' id='word_1_52' title='bbox 510 1255 638 1359; x_wconf 69' lang='lat' dir='ltr'>editis</span> <span class='ocrx_word' id='word_1_53' title='bbox 657 1332 674 1376; x_wconf 77' lang='grc'><strong>,</strong></span> <span class='ocrx_word' id='word_1_54' title='bbox 695 1288 771 1357; x_wconf 74' lang='lat' dir='ltr'>rut</span> <span class='ocrx_word' id='word_1_55' title='bbox 794 1256 977 1359; x_wconf 77' lang='lat' dir='ltr'><strong>edendis</strong></span> <span class='ocrx_word' id='word_1_56' title='bbox 995 1260 1361 1400; x_wconf 79' lang='lat' dir='ltr'>comprehensas,</span> <span class='ocrx_word' id='word_1_57' title='bbox 1381 1300 1486 1369; x_wconf 76' lang='lat' dir='ltr'>orn.-</span> 
     </span>
     <span class='ocr_line' id='line_1_9' title="bbox 125 1392 1481 1540; baseline 0.007 -39"><span class='ocrx_word' id='word_1_58' title='bbox 125 1405 227 1501; x_wconf 87' lang='lat' dir='ltr'>niuo</span> <span class='ocrx_word' id='word_1_59' title='bbox 247 1392 518 1495; x_wconf 76' lang='lat' dir='ltr'>omittendae</span> <span class='ocrx_word' id='word_1_60' title='bbox 539 1392 765 1525; x_wconf 74' lang='lat' dir='ltr'>judicavi,</span> <span class='ocrx_word' id='word_1_61' title='bbox 787 1433 846 1501; x_wconf 80' lang='lat' dir='ltr'>ne</span> <span class='ocrx_word' id='word_1_62' title='bbox 865 1402 1015 1505; x_wconf 71' lang='lat' dir='ltr'>astum</span> <span class='ocrx_word' id='word_1_63' title='bbox 1032 1430 1226 1540; x_wconf 70' lang='lat' dir='ltr'>agerem,</span> <span class='ocrx_word' id='word_1_64' title='bbox 1245 1398 1481 1540; x_wconf 76' lang='lat' dir='ltr'>presertim</span> 
     </span>
     <span class='ocr_line' id='line_1_10' title="bbox 119 1528 1480 1671; baseline 0.004 -36"><span class='ocrx_word' id='word_1_65' title='bbox 119 1572 219 1635; x_wconf 89' lang='lat' dir='ltr'>cum</span> <span class='ocrx_word' id='word_1_66' title='bbox 240 1531 466 1633; x_wconf 60' lang='lat' dir='ltr'>solertiore</span> <span class='ocrx_word' id='word_1_67' title='bbox 485 1569 673 1671; x_wconf 63' lang='lat' dir='ltr'>quoque</span> <span class='ocrx_word' id='word_1_68' title='bbox 702 1532 762 1635; x_wconf 79' lang='lat' dir='ltr'>ab</span> <span class='ocrx_word' id='word_1_69' title='bbox 799 1528 1281 1643; x_wconf 70' lang='lat' dir='ltr'>Auedonneisfelioiret</span> <span class='ocrx_word' id='word_1_70' title='bbox 1299 1550 1480 1647; x_wconf 75' lang='lat' dir='ltr'>inventi</span> 
     </span>
     <span class='ocr_line' id='line_1_11' title="bbox 115 1669 1477 1821; baseline 0.012 -50"><span class='ocrx_word' id='word_1_71' title='bbox 115 1680 163 1773; x_wconf 85' lang='lat' dir='ltr'>in</span> <span class='ocrx_word' id='word_1_72' title='bbox 182 1669 278 1813; x_wconf 85' lang='lat' dir='ltr'>ipsa</span> <span class='ocrx_word' id='word_1_73' title='bbox 307 1671 558 1779; x_wconf 72' lang='lat' dir='ltr'>Academiae</span> <span class='ocrx_word' id='word_1_74' title='bbox 588 1671 792 1777; x_wconf 80' lang='lat' dir='ltr'>Historia</span> <span class='ocrx_word' id='word_1_75' title='bbox 810 1752 828 1795; x_wconf 84' lang='grc'>,</span> <span class='ocrx_word' id='word_1_76' title='bbox 847 1690 896 1779; x_wconf 69' lang='grc' dir='ltr'>ὰ</span> <span class='ocrx_word' id='word_1_77' title='bbox 912 1680 962 1779; x_wconf 81' lang='lat' dir='ltr'>in</span> <span class='ocrx_word' id='word_1_78' title='bbox 985 1687 1346 1801; x_wconf 66' lang='lat' dir='ltr'>nonnionem,</span> <span class='ocrx_word' id='word_1_79' title='bbox 1380 1716 1477 1821; x_wconf 67' lang='lat' dir='ltr'>qux</span> 
     </span>
     <span class='ocr_line' id='line_1_12' title="bbox 115 1805 1308 1952; baseline 0.006 -44"><span class='ocrx_word' id='word_1_80' title='bbox 115 1805 300 1952; x_wconf 84' lang='lat' dir='ltr'>lingulis</span> <span class='ocrx_word' id='word_1_81' title='bbox 318 1817 445 1909; x_wconf 78' lang='lat' dir='ltr'>annis</span> <span class='ocrx_word' id='word_1_82' title='bbox 459 1810 628 1949; x_wconf 75' lang='lat' dir='ltr'>publici</span> <span class='ocrx_word' id='word_1_83' title='bbox 646 1818 749 1939; x_wconf 80' lang='lat' dir='ltr'>juris</span> <span class='ocrx_word' id='word_1_84' title='bbox 767 1809 897 1932; x_wconf 82' lang='lat' dir='ltr'>liene,</span> <span class='ocrx_word' id='word_1_85' title='bbox 913 1850 1010 1913; x_wconf 87' lang='lat' dir='ltr'>non</span> <span class='ocrx_word' id='word_1_86' title='bbox 1026 1816 1308 1919; x_wconf 69' lang='lat' dir='ltr'>omietuntur.</span> 
     </span>
    </p>

    <p class='ocr_par' dir='ltr' id='par_1_3' title="bbox 115 1944 1476 3153">
     <span class='ocr_line' id='line_1_13' title="bbox 185 1944 1476 2098; baseline 0.004 -49"><span class='ocrx_word' id='word_1_87' title='bbox 185 1944 418 2049; x_wconf 86' lang='lat' dir='ltr'>Nonnulla</span> <span class='ocrx_word' id='word_1_88' title='bbox 436 1948 593 2087; x_wconf 90' lang='lat' dir='ltr'>procul</span> <span class='ocrx_word' id='word_1_89' title='bbox 611 1945 753 2051; x_wconf 90' lang='lat' dir='ltr'>dubio</span> <span class='ocrx_word' id='word_1_90' title='bbox 772 1982 1010 2053; x_wconf 71' lang='lat' dir='ltr'>occurrent</span> <span class='ocrx_word' id='word_1_91' title='bbox 1029 1983 1128 2089; x_wconf 66' lang='grc' dir='ltr'>φιτ</span> <span class='ocrx_word' id='word_1_92' title='bbox 1145 1959 1356 2053; x_wconf 70' lang='lat' dir='ltr'>novitatis</span> <span class='ocrx_word' id='word_1_93' title='bbox 1374 1993 1476 2098; x_wconf 73' lang='lat' dir='ltr'>gra·</span> 
     </span>
     <span class='ocr_line' id='line_1_14' title="bbox 121 2086 1473 2225; baseline 0.008 -41"><span class='ocrx_word' id='word_1_94' title='bbox 121 2095 226 2187; x_wconf 83' lang='lat' dir='ltr'>tiam</span> <span class='ocrx_word' id='word_1_95' title='bbox 245 2096 330 2213; x_wconf 86' lang='lat' dir='ltr'>jam</span> <span class='ocrx_word' id='word_1_96' title='bbox 349 2120 562 2184; x_wconf 86' lang='lat' dir='ltr'>exuerunt</span> <span class='ocrx_word' id='word_1_97' title='bbox 583 2131 593 2186; x_wconf 75' lang='grc' dir='ltr'><strong><em>ε</em></strong></span> <span class='ocrx_word' id='word_1_98' title='bbox 621 2086 692 2185; x_wconf 83' lang='lat' dir='ltr'>sed</span> <span class='ocrx_word' id='word_1_99' title='bbox 718 2087 924 2225; x_wconf 82' lang='lat' dir='ltr'>pleraque</span> <span class='ocrx_word' id='word_1_100' title='bbox 946 2123 998 2185; x_wconf 85' lang='lat' dir='ltr'>ex</span> <span class='ocrx_word' id='word_1_101' title='bbox 1019 2097 1068 2185; x_wconf 92' lang='lat' dir='ltr'>iis</span> <span class='ocrx_word' id='word_1_102' title='bbox 1086 2121 1179 2185; x_wconf 87' lang='lat' dir='ltr'>tum</span> <span class='ocrx_word' id='word_1_103' title='bbox 1198 2124 1317 2187; x_wconf 84' lang='lat' dir='ltr'>nova</span> <span class='ocrx_word' id='word_1_104' title='bbox 1335 2130 1473 2223; x_wconf 82' lang='lat' dir='ltr'>erant,</span> 
     </span>
     <span class='ocr_line' id='line_1_15' title="bbox 119 2220 1474 2364; baseline -0.007 -39"><span class='ocrx_word' id='word_1_105' title='bbox 119 2220 416 2328; x_wconf 86' lang='lat' dir='ltr'>cumfuerunt</span> <span class='ocrx_word' id='word_1_106' title='bbox 434 2220 663 2363; x_wconf 83' lang='lat' dir='ltr'>proposita</span> <span class='ocrx_word' id='word_1_107' title='bbox 696 2266 707 2322; x_wconf 76' lang='grc' dir='ltr'><strong>ε</strong></span> <span class='ocrx_word' id='word_1_108' title='bbox 737 2227 872 2364; x_wconf 84' lang='lat' dir='ltr'>idque</span> <span class='ocrx_word' id='word_1_109' title='bbox 901 2261 1073 2362; x_wconf 83' lang='lat' dir='ltr'>aequum</span> <span class='ocrx_word' id='word_1_110' title='bbox 1104 2224 1302 2341; x_wconf 89' lang='lat' dir='ltr'>videtur,</span> <span class='ocrx_word' id='word_1_111' title='bbox 1323 2270 1372 2332; x_wconf 89' lang='lat' dir='ltr'>ut</span> <span class='ocrx_word' id='word_1_112' title='bbox 1402 2273 1474 2334; x_wconf 90' lang='lat' dir='ltr'>co.</span> 
     </span>
     <span class='ocr_line' id='line_1_16' title="bbox 118 2360 1470 2507; baseline 0.007 -45"><span class='ocrx_word' id='word_1_113' title='bbox 118 2402 215 2464; x_wconf 90' lang='lat' dir='ltr'>rum</span> <span class='ocrx_word' id='word_1_114' title='bbox 248 2360 498 2466; x_wconf 79' lang='lat' dir='ltr'>Autoribus</span> <span class='ocrx_word' id='word_1_115' title='bbox 535 2365 629 2459; x_wconf 84' lang='lat' dir='ltr'>suus</span> <span class='ocrx_word' id='word_1_116' title='bbox 667 2362 878 2459; x_wconf 83' lang='lat' dir='ltr'>habeatur</span> <span class='ocrx_word' id='word_1_117' title='bbox 910 2360 1102 2475; x_wconf 81' lang='lat' dir='ltr'>bonos3</span> <span class='ocrx_word' id='word_1_118' title='bbox 1144 2364 1260 2460; x_wconf 85' lang='lat' dir='ltr'>diem</span> <span class='ocrx_word' id='word_1_119' title='bbox 1297 2376 1470 2507; x_wconf 78' lang='lat' dir='ltr'>ipliim,</span> 
     </span>
     <span class='ocr_line' id='line_1_17' title="bbox 118 2492 1471 2642; baseline 0.005 -44"><span class='ocrx_word' id='word_1_120' title='bbox 118 2541 209 2642; x_wconf 90' lang='lat' dir='ltr'>quo</span> <span class='ocrx_word' id='word_1_121' title='bbox 267 2511 422 2598; x_wconf 76' lang='lat' dir='ltr'>timum</span> <span class='ocrx_word' id='word_1_122' title='bbox 456 2536 610 2597; x_wconf 85' lang='lat' dir='ltr'>eorum</span> <span class='ocrx_word' id='word_1_123' title='bbox 636 2492 752 2596; x_wconf 67' lang='lat' dir='ltr'>farra</span> <span class='ocrx_word' id='word_1_124' title='bbox 782 2496 844 2596; x_wconf 90' lang='lat' dir='ltr'>est</span> <span class='ocrx_word' id='word_1_125' title='bbox 870 2507 1076 2620; x_wconf 88' lang='lat' dir='ltr'>mentio,</span> <span class='ocrx_word' id='word_1_126' title='bbox 1116 2496 1221 2595; x_wconf 83' lang='lat' dir='ltr'>huic</span> <span class='ocrx_word' id='word_1_127' title='bbox 1253 2537 1395 2601; x_wconf 85' lang='lat' dir='ltr'>rerum</span> <span class='ocrx_word' id='word_1_128' title='bbox 1424 2520 1471 2608; x_wconf 89' lang='lat' dir='ltr'>in</span> 
     </span>
     <span class='ocr_line' id='line_1_18' title="bbox 118 2542 1471 2778; baseline 0.002 -36"><span class='ocrx_word' id='word_1_129' title='bbox 118 2542 360 2742; x_wconf 63' lang='lat' dir='ltr'>Aeaiimia</span> <span class='ocrx_word' id='word_1_130' title='bbox 394 2637 610 2778; x_wconf 83' lang='lat' dir='ltr'>gestarum</span> <span class='ocrx_word' id='word_1_131' title='bbox 650 2644 887 2735; x_wconf 81' lang='lat' dir='ltr'>narrationi</span> <span class='ocrx_word' id='word_1_132' title='bbox 926 2712 941 2756; x_wconf 91' lang='lat'>,</span> <span class='ocrx_word' id='word_1_133' title='bbox 979 2673 1029 2732; x_wconf 81' lang='lat' dir='ltr'>ac</span> <span class='ocrx_word' id='word_1_134' title='bbox 1078 2671 1249 2774; x_wconf 83' lang='lat' dir='ltr'>tempus</span> <span class='ocrx_word' id='word_1_135' title='bbox 1283 2638 1471 2745; x_wconf 79' lang='lat' dir='ltr'>adscribi</span> 
     </span>
     <span class='ocr_line' id='line_1_19' title="bbox 115 2769 1472 2920; baseline 0.001 -42"><span class='ocrx_word' id='word_1_136' title='bbox 115 2786 350 2920; x_wconf 82' lang='lat' dir='ltr'>oportuit,</span> <span class='ocrx_word' id='word_1_137' title='bbox 388 2808 438 2872; x_wconf 92' lang='lat' dir='ltr'>ut</span> <span class='ocrx_word' id='word_1_138' title='bbox 473 2808 688 2911; x_wconf 88' lang='lat' dir='ltr'>quantum</span> <span class='ocrx_word' id='word_1_139' title='bbox 719 2774 791 2872; x_wconf 80' lang='lat' dir='ltr'>illa</span> <span class='ocrx_word' id='word_1_140' title='bbox 821 2772 1062 2872; x_wconf 77' lang='lat' dir='ltr'>naturalem</span> <span class='ocrx_word' id='word_1_141' title='bbox 1100 2769 1472 2918; x_wconf 79' lang='lat' dir='ltr'>Philosophiam,</span> 
     </span>
     <span class='ocr_line' id='line_1_20' title="bbox 116 2907 1471 3053; baseline 0.004 -37"><span class='ocrx_word' id='word_1_142' title='bbox 116 2933 159 3016; x_wconf 86' lang='lat'>&amp;</span> <span class='ocrx_word' id='word_1_143' title='bbox 188 2912 528 3016; x_wconf 76' lang='lat' dir='ltr'>Mathematicus</span> <span class='ocrx_word' id='word_1_144' title='bbox 550 2907 794 3053; x_wconf 82' lang='lat' dir='ltr'>disciplinas</span> <span class='ocrx_word' id='word_1_145' title='bbox 816 2921 1093 3051; x_wconf 84' lang='lat' dir='ltr'>promoverit</span> <span class='ocrx_word' id='word_1_146' title='bbox 1113 2989 1129 3034; x_wconf 90' lang='lat'><em>,</em></span> <span class='ocrx_word' id='word_1_147' title='bbox 1156 2911 1300 3053; x_wconf 78' lang='lat' dir='ltr'>palam</span> <span class='ocrx_word' id='word_1_148' title='bbox 1318 2933 1471 3021; x_wconf 81' lang='lat' dir='ltr'>omni·</span> 
     </span>
     <span class='ocr_line' id='line_1_21' title="bbox 116 3051 372 3153; baseline -0.016 0"><span class='ocrx_word' id='word_1_149' title='bbox 116 3053 199 3153; x_wconf 88' lang='lat' dir='ltr'>bus</span> <span class='ocrx_word' id='word_1_150' title='bbox 235 3051 372 3151; x_wconf 85' lang='lat' dir='ltr'>fieret.</span> 
     </span>
    </p>

    <p class='ocr_par' dir='ltr' id='par_1_4' title="bbox 110 3187 1491 4574">
     <span class='ocr_line' id='line_1_22' title="bbox 189 3187 1472 3333; baseline 0.006 -43"><span class='ocrx_word' id='word_1_151' title='bbox 189 3192 386 3290; x_wconf 84' lang='lat' dir='ltr'>Historia</span> <span class='ocrx_word' id='word_1_152' title='bbox 404 3194 557 3330; x_wconf 85' lang='lat' dir='ltr'>Regiae</span> <span class='ocrx_word' id='word_1_153' title='bbox 586 3193 870 3286; x_wconf 86' lang='lat' dir='ltr'>Scienriarum</span> <span class='ocrx_word' id='word_1_154' title='bbox 897 3187 1146 3287; x_wconf 73' lang='lat' dir='ltr'>Academiae</span> <span class='ocrx_word' id='word_1_155' title='bbox 1163 3200 1209 3288; x_wconf 90' lang='lat' dir='ltr'>in</span> <span class='ocrx_word' id='word_1_156' title='bbox 1223 3201 1357 3333; x_wconf 87' lang='lat' dir='ltr'>priori</span> <span class='ocrx_word' id='word_1_157' title='bbox 1377 3201 1472 3298; x_wconf 86' lang='lat' dir='ltr'>edi-</span> 
     </span>
     <span class='ocr_line' id='line_1_23' title="bbox 116 3318 1468 3472; baseline 0.001 -39"><span class='ocrx_word' id='word_1_158' title='bbox 116 3341 239 3433; x_wconf 81' lang='lat' dir='ltr'>tione</span> <span class='ocrx_word' id='word_1_159' title='bbox 274 3360 463 3467; x_wconf 85' lang='lat' dir='ltr'>quatuor</span> <span class='ocrx_word' id='word_1_160' title='bbox 490 3361 537 3423; x_wconf 86' lang='lat' dir='ltr'>m</span> <span class='ocrx_word' id='word_1_161' title='bbox 572 3323 731 3427; x_wconf 86' lang='lat' dir='ltr'>Libros</span> <span class='ocrx_word' id='word_1_162' title='bbox 761 3323 897 3424; x_wconf 85' lang='lat' dir='ltr'>divisa</span> <span class='ocrx_word' id='word_1_163' title='bbox 926 3318 1025 3424; x_wconf 86' lang='lat' dir='ltr'>fuit.</span> <span class='ocrx_word' id='word_1_164' title='bbox 1081 3338 1134 3427; x_wconf 89' lang='lat' dir='ltr'>ln</span> <span class='ocrx_word' id='word_1_165' title='bbox 1174 3342 1320 3469; x_wconf 89' lang='lat' dir='ltr'>primo</span> <span class='ocrx_word' id='word_1_166' title='bbox 1371 3375 1468 3472; x_wconf 65' lang='lat' dir='ltr'>quie</span> 
     </span>
     <span class='ocr_line' id='line_1_24' title="bbox 117 3460 1491 3607; baseline 0.001 -37"><span class='ocrx_word' id='word_1_167' title='bbox 117 3477 230 3571; x_wconf 73' lang='lat' dir='ltr'>Asta</span> <span class='ocrx_word' id='word_1_168' title='bbox 260 3468 360 3567; x_wconf 84' lang='lat' dir='ltr'>sunt</span> <span class='ocrx_word' id='word_1_169' title='bbox 384 3460 441 3560; x_wconf 87' lang='lat' dir='ltr'>ab</span> <span class='ocrx_word' id='word_1_170' title='bbox 461 3469 579 3560; x_wconf 85' lang='lat' dir='ltr'>exitu</span> <span class='ocrx_word' id='word_1_171' title='bbox 599 3470 703 3561; x_wconf 81' lang='lat' dir='ltr'>anni</span> <span class='ocrx_word' id='word_1_172' title='bbox 723 3487 827 3563; x_wconf 82' lang='lat'>1666</span> <span class='ocrx_word' id='word_1_173' title='bbox 852 3543 867 3585; x_wconf 85' lang='lat'>‚</span> <span class='ocrx_word' id='word_1_174' title='bbox 889 3471 935 3561; x_wconf 91' lang='lat' dir='ltr'>in</span> <span class='ocrx_word' id='word_1_175' title='bbox 959 3502 1050 3602; x_wconf 89' lang='lat' dir='ltr'>quo</span> <span class='ocrx_word' id='word_1_176' title='bbox 1082 3477 1221 3607; x_wconf 85' lang='lat' dir='ltr'>prima</span> <span class='ocrx_word' id='word_1_177' title='bbox 1248 3479 1337 3597; x_wconf 84' lang='lat' dir='ltr'>ejus</span> <span class='ocrx_word' id='word_1_178' title='bbox 1355 3481 1491 3601; x_wconf 62' lang='lat' dir='ltr'>julla,</span> 
     </span>
     <span class='ocr_line' id='line_1_25' title="bbox 113 3598 1472 3736; baseline 0.001 -31"><span class='ocrx_word' id='word_1_179' title='bbox 113 3611 213 3705; x_wconf 85' lang='lat' dir='ltr'>sunt</span> <span class='ocrx_word' id='word_1_180' title='bbox 234 3599 526 3704; x_wconf 84' lang='lat' dir='ltr'>fundamenta</span> <span class='ocrx_word' id='word_1_181' title='bbox 552 3677 567 3722; x_wconf 87' lang='lat'>,</span> <span class='ocrx_word' id='word_1_182' title='bbox 589 3598 644 3697; x_wconf 85' lang='lat' dir='ltr'>ad</span> <span class='ocrx_word' id='word_1_183' title='bbox 674 3610 850 3698; x_wconf 88' lang='lat' dir='ltr'>initium</span> <span class='ocrx_word' id='word_1_184' title='bbox 877 3599 1011 3736; x_wconf 85' lang='lat' dir='ltr'>usque</span> <span class='ocrx_word' id='word_1_185' title='bbox 1040 3613 1143 3700; x_wconf 88' lang='lat' dir='ltr'>anni</span> <span class='ocrx_word' id='word_1_186' title='bbox 1178 3630 1256 3718; x_wconf 83' lang='lat'>167</span> <span class='ocrx_word' id='word_1_187' title='bbox 1264 3645 1285 3728; x_wconf 87' lang='lat'>5</span> <span class='ocrx_word' id='word_1_188' title='bbox 1312 3683 1326 3726; x_wconf 84' lang='lat'>‚</span> <span class='ocrx_word' id='word_1_189' title='bbox 1359 3604 1472 3706; x_wconf 80' lang='lat' dir='ltr'>refe-</span> 
     </span>
     <span class='ocr_line' id='line_1_26' title="bbox 110 3729 1471 3875; baseline 0.007 -33"><span class='ocrx_word' id='word_1_190' title='bbox 110 3777 303 3853; x_wconf 80' lang='lat' dir='ltr'>runtur3</span> <span class='ocrx_word' id='word_1_191' title='bbox 343 3736 567 3838; x_wconf 85' lang='lat' dir='ltr'>Secundus</span> <span class='ocrx_word' id='word_1_192' title='bbox 586 3737 639 3836; x_wconf 86' lang='lat' dir='ltr'>ad</span> <span class='ocrx_word' id='word_1_193' title='bbox 665 3729 983 3875; x_wconf 78' lang='lat' dir='ltr'>annumulque</span> <span class='ocrx_word' id='word_1_194' title='bbox 1016 3756 1167 3861; x_wconf 80' lang='lat'>16843</span> <span class='ocrx_word' id='word_1_195' title='bbox 1203 3747 1381 3846; x_wconf 88' lang='lat' dir='ltr'>Tertius</span> <span class='ocrx_word' id='word_1_196' title='bbox 1415 3750 1471 3851; x_wconf 86' lang='lat' dir='ltr'>ad</span> 
     </span>
     <span class='ocr_line' id='line_1_27' title="bbox 116 3881 1470 4018; baseline 0.006 -39"><span class='ocrx_word' id='word_1_197' title='bbox 116 3920 279 3981; x_wconf 86' lang='lat' dir='ltr'>annum</span> <span class='ocrx_word' id='word_1_198' title='bbox 306 3881 443 4018; x_wconf 82' lang='lat' dir='ltr'>usqne.</span> <span class='ocrx_word' id='word_1_199' title='bbox 464 3904 601 3999; x_wconf 84' lang='lat'><em>1692,</em></span> <span class='ocrx_word' id='word_1_200' title='bbox 630 3884 909 4017; x_wconf 72' lang='lat' dir='ltr'>procreditur</span> <span class='ocrx_word' id='word_1_201' title='bbox 944 3919 955 3987; x_wconf 83' lang='lat'><em>3</em></span> <span class='ocrx_word' id='word_1_202' title='bbox 997 3892 1191 4014; x_wconf 75' lang='lat' dir='ltr'>ertus</span> <span class='ocrx_word' id='word_1_203' title='bbox 1228 3891 1274 3979; x_wconf 87' lang='lat' dir='ltr'>in</span> <span class='ocrx_word' id='word_1_204' title='bbox 1302 3922 1470 3988; x_wconf 79' lang='lat' dir='ltr'>amium</span> 
     </span>
     <span class='ocr_line' id='line_1_28' title="bbox 112 3963 1469 4136; baseline 0.004 -17"><span class='ocrx_word' id='word_1_205' title='bbox 112 4047 222 4136; x_wconf 83' lang='lat'>1696</span> <span class='ocrx_word' id='word_1_206' title='bbox 246 4013 421 4116; x_wconf 83' lang='lat' dir='ltr'>desiuit.</span> <span class='ocrx_word' id='word_1_207' title='bbox 472 4014 692 4111; x_wconf 84' lang='lat' dir='ltr'>Posterior</span> <span class='ocrx_word' id='word_1_208' title='bbox 714 3963 807 4111; x_wconf 75' lang='lat' dir='ltr'>iiaec</span> <span class='ocrx_word' id='word_1_209' title='bbox 826 4013 964 4113; x_wconf 89' lang='lat' dir='ltr'>editio</span> <span class='ocrx_word' id='word_1_210' title='bbox 985 4019 1161 4113; x_wconf 85' lang='lat' dir='ltr'>duobus</span> <span class='ocrx_word' id='word_1_211' title='bbox 1182 4018 1322 4118; x_wconf 86' lang='lat' dir='ltr'>Libris</span> <span class='ocrx_word' id='word_1_212' title='bbox 1342 4036 1469 4127; x_wconf 65' lang='lat' dir='ltr'>aneia</span> 
     </span>
     <span class='ocr_line' id='line_1_29' title="bbox 111 4147 1469 4292; baseline -0.002 -36"><span class='ocrx_word' id='word_1_213' title='bbox 111 4161 167 4258; x_wconf 87' lang='lat' dir='ltr'>ad</span> <span class='ocrx_word' id='word_1_214' title='bbox 196 4152 331 4254; x_wconf 84' lang='lat' dir='ltr'>linem</span> <span class='ocrx_word' id='word_1_215' title='bbox 347 4156 484 4290; x_wconf 86' lang='lat' dir='ltr'>usque</span> <span class='ocrx_word' id='word_1_216' title='bbox 505 4147 667 4251; x_wconf 86' lang='lat' dir='ltr'>decimi</span> <span class='ocrx_word' id='word_1_217' title='bbox 688 4153 859 4292; x_wconf 83' lang='lat' dir='ltr'>septimi</span> <span class='ocrx_word' id='word_1_218' title='bbox 879 4152 1019 4251; x_wconf 84' lang='lat' dir='ltr'>laeculi</span> <span class='ocrx_word' id='word_1_219' title='bbox 1040 4162 1368 4291; x_wconf 80' lang='lat' dir='ltr'>producitur,34</span> <span class='ocrx_word' id='word_1_220' title='bbox 1390 4206 1469 4264; x_wconf 80' lang='lat' dir='ltr'>an.</span> 
     </span>
     <span class='ocr_line' id='line_1_30' title="bbox 112 4292 1470 4436; baseline -0.001 -42"><span class='ocrx_word' id='word_1_221' title='bbox 112 4334 195 4394; x_wconf 89' lang='lat' dir='ltr'>nos</span> <span class='ocrx_word' id='word_1_222' title='bbox 224 4292 490 4431; x_wconf 82' lang='lat' dir='ltr'>complexa,</span> <span class='ocrx_word' id='word_1_223' title='bbox 515 4292 625 4388; x_wconf 88' lang='lat' dir='ltr'>adeo</span> <span class='ocrx_word' id='word_1_224' title='bbox 651 4326 700 4388; x_wconf 89' lang='lat' dir='ltr'>ut</span> <span class='ocrx_word' id='word_1_225' title='bbox 729 4299 852 4388; x_wconf 80' lang='lat' dir='ltr'>tertia</span> <span class='ocrx_word' id='word_1_226' title='bbox 876 4304 918 4386; x_wconf 91' lang='lat'><strong>&amp;</strong></span> <span class='ocrx_word' id='word_1_227' title='bbox 945 4293 1129 4430; x_wconf 84' lang='lat' dir='ltr'>amplius</span> <span class='ocrx_word' id='word_1_228' title='bbox 1163 4292 1224 4390; x_wconf 83' lang='lat' dir='ltr'>lui</span> <span class='ocrx_word' id='word_1_229' title='bbox 1250 4334 1370 4436; x_wconf 82' lang='lat' dir='ltr'>parte</span> <span class='ocrx_word' id='word_1_230' title='bbox 1393 4341 1470 4400; x_wconf 83' lang='lat' dir='ltr'>ex.</span> 
     </span>
     <span class='ocr_line' id='line_1_31' title="bbox 114 4426 1470 4574; baseline 0 -41"><span class='ocrx_word' id='word_1_231' title='bbox 114 4441 308 4540; x_wconf 82' lang='lat' dir='ltr'>creverit.</span> <span class='ocrx_word' id='word_1_232' title='bbox 350 4427 484 4568; x_wconf 67' lang='lat' dir='ltr'>liber</span> <span class='ocrx_word' id='word_1_233' title='bbox 504 4440 682 4568; x_wconf 88' lang='lat' dir='ltr'>quintus</span> <span class='ocrx_word' id='word_1_234' title='bbox 698 4439 744 4528; x_wconf 90' lang='lat' dir='ltr'>in</span> <span class='ocrx_word' id='word_1_235' title='bbox 762 4426 864 4529; x_wconf 82' lang='lat' dir='ltr'>duas</span> <span class='ocrx_word' id='word_1_236' title='bbox 889 4465 1029 4568; x_wconf 77' lang='lat' dir='ltr'>partes</span> <span class='ocrx_word' id='word_1_237' title='bbox 1047 4428 1321 4574; x_wconf 80' lang='lat' dir='ltr'>divisus,quae</span> <span class='ocrx_word' id='word_1_238' title='bbox 1347 4452 1470 4539; x_wconf 81' lang='lat' dir='ltr'>annis</span> 
     </span>
    </p>

    <p class='ocr_par' dir='ltr' id='par_1_5' title="bbox 1270 4612 1293 4671">
     <span class='ocr_line' id='line_1_32' title="bbox 1270 4612 1293 4671; baseline 0 0"><span class='ocrx_word' id='word_1_239' title='bbox 1270 4612 1293 4671; x_wconf 90' lang='lat' dir='ltr'>e</span> 
     </span>
    </p>
   </div>
   <div class='ocr_carea' id='block_1_2' title="bbox 0 0 1832 5430">
    <p class='ocr_par' dir='ltr' id='par_1_6' title="bbox 0 0 1832 5430">
     <span class='ocr_line' id='line_1_33' title="bbox 0 0 1832 5430; baseline 0 0"><span class='ocrx_word' id='word_1_240' title='bbox 0 0 1832 5430; x_wconf 95' lang='lat' dir='ltr'> </span> 
     </span>
    </p>
   </div>
  </div>
 </body>
</html>
