3646 5430
376 409 465 489 ‚io
719 397 980 471 'REGIAE
1023 395 1490 474 SCIENTIARUM

293 505 411 584 'Auru

295 616 390 693 1669.

740 837 746 850 ,
855 730 1151 817 CAPUT
1248 735 1383 817 111.

603 959 659 1026 Dr
681 970 795 1027 rerum
808 943 982 1056 gravium
1002 941 1161 1052 desrenſsr
1181 939 1223 1032 ἀ
1243 941 1348 1050 causti
1368 940 1470 1020 illius
1492 957 1624 1028 motus.

308 1271 315 1281 .
344 1258 347 1263 Ι
427 1163 455 1231 1.
469 1157 523 1326 S
536 1153 596 1226 Ub
609 1160 737 1231 initium
752 1154 866 1231 mensis
883 1153 1016 1252 Augusti
1029 1157 1106 1226 anni
1127 1165 1221 1240 1669.
1236 1153 1368 1247 quaestio
1379 1209 1389 1239 ‚
1402 1149 1425 1222 si
1436 1177 1508 1248 quae
1522 1145 1559 1222 iit
1576 1151 1638 1224 alia
1648 1155 1681 1224 iri
1693 1154 1790 1256 Phy.

538 1247 607 1325 sicis
622 1254 812 1353 implicata,
832 1254 871 1324 de
893 1246 985 1324 causa
1006 1253 1168 1345 gravitatis
1187 1251 1301 1334 agitati
1323 1272 1430 1346 coepta
1452 1248 1522 1320 est:
1559 1243 1629 1320 suar
1649 1251 1790 1348 quisque

425 1351 627 1442 conjecturas
668 1348 833 1449 reposuit,
848 1373 928 1443 quas
950 1344 1085 1441 longum
1108 1343 1184 1414 esset
1207 1325 1391 1441 singillatim
1412 1338 1570 1418 recensere
1590 1400 1602 1434 ‚
1625 1369 1731 1439 reque
1753 1353 1789 1419 in

426 1441 517 1515 libris
528 1467 603 1516 ante
619 1376 667 1514 is
671 1449 825 1540 temporis
838 1451 873 1516 δι
893 1442 1000 1539 postea
1013 1440 1104 1510 editis
1121 1435 1234 1535 paffim
1257 1462 1443 1513 occurrunt.
1478 1442 1523 1512 D.
1549 1443 1588 1512 de
1614 1438 1787 1519 Robetval

451 1544 595 1637 ruptium
607 1546 642 1611 ἃ
661 1537 844 1636 specificum
857 1536 979 1610 sensum
997 1559 1065 1631 quo
1078 1559 1147 1605 rem
1170 1531 1335 1626 objesiam
1354 1530 1526 1605 discernere
1539 1534 1714 1624 valeamus,
1725 1564 1788 1611 no·

424 1565 478 1708 bis
489 1633 590 1708 deesse
605 1634 804 1707 existimabat
829 1692 840 1722 ,
863 1632 945 1703 adeo
965 1652 1082 1701 utnon
1102 1633 1204 1728 magis
1219 1654 1257 1700 ca
1275 1631 1315 1698 de
1331 1654 1364 1700 tc
1382 1626 1475 1700 nobis
1489 1630 1584 1702 liceat
1604 1633 1685 1728 quid
1707 1640 1787 1707 cerri

425 1731 618 1811 decernere,
633 1729 736 1827 quim
747 1735 844 1802 cecis
852 1726 895 1800 ab
909 1725 1168 1799 ortudclumine
1184 1748 1239 1796 aut
1261 1722 1436 1799 coloribus.
1465 1732 1496 1797 lt
1521 1748 1631 1798 tanim
1653 1726 1697 1799 ed
1716 1728 1786 1802 seii·

426 1831 528 1898 tentia
540 1823 594 1897 sua
609 1824 770 1897 serebatur
782 1847 820 1895 ut
832 1829 900 1899 vim
915 1821 1077 1917 quandam
1091 1818 1281 1917 corporibus
1294 1817 1419 1890 insitam
1429 1818 1491 1891 esse
1502 1820 1599 1894 vellet
1614 1877 1626 1910 ,
1639 1845 1704 1918 qua
1713 1851 1787 1923 pat·

425 1941 474 1993 tes
490 1919 574 1993 illius
588 1927 621 1993 in
634 1945 736 1991 unum
754 1928 844 1992 co'i‘re
856 1917 1008 1990 affecient
1020 1971 1031 2002 ,
1043 1922 1088 1988 ita
1101 1938 1137 1987 ut
1147 1914 1211 1984 alia
1223 1913 1260 1986 sit
1277 1916 1429 1987 terrestris
1438 1972 1451 2005 ,
1463 1917 1526 1989 alia
1536 1921 1682 2015 corporis
1693 1918 1787 1992 luria-

424 2020 471 2106 tis
483 2021 641 2112 gravitas,
659 2019 724 2110 qud
780 2037 842 2086 tres
855 2019 890 2084 in
905 2010 996 2082 suum
1011 2035 1147 2108 queque
1162 2035 1278 2109 corpus
1292 2014 1448 2087 nituntur.
1767 2045 1769 2049 ·

476 2117 533 2184 11.
566 2113 649 2184 Non
662 2039 820 2209 longladb
841 2134 879 2181 ea
892 2103 1046 2178 sententia
1064 2102 1229 2177 recedebat
1253 2110 1298 2179 D.
1320 2107 1461 2178 Ficnicle
1473 2113 1532 2206 qui
1543 2117 1710 2183 communi
1721 2113 1786 2186 hoc

427 2208 592 2307 principio
603 2203 764 2289 utebatur,
772 2208 947 2299 unicuique
955 2205 1002 2271 tei
1012 2206 1080 2274 vim
1091 2200 1254 2297 quandam
1265 2197 1310 2270 sui·
1324 2198 1590 2276 conservatricem
1606 2205 1649 2278 ab
1663 2210 1786 2281 Aurio·

428 2327 467 2374 re
484 2322 604 2373 naturae
614 2300 750 2372 inditam
759 2297 830 2373 cise-
860 2305 940 2372 Eam
953 2322 1053 2394 porto
1064 2300 1189 2367 vatiam
1199 2296 1349 2383 exiliere,
1363 2317 1422 2367 nec
1434 2324 1502 2371 unu
1513 2309 1546 2373 dr
1557 2301 1673 2373 eodem
1686 2308 1785 2377 modo

428 2421 534 2498 agere.
564 2402 648 2472 Non
664 2400 753 2468 enim
766 2394 882 2494 plante
900 2398 1003 2465 vitain
1016 2388 1106 2464 suain
1126 2390 1238 2462 eadem
1260 2396 1382 2463 ratione
1403 2416 1533 2468 tuentur
1557 2418 1655 2494 atque
1668 2406 1786 2471 anima·

427 2494 473 2568 lia
492 2548 503 2579 ,
522 2517 598 2565 curn
613 2487 754 2589 utrisque
775 2487 956 2563 nonadfint
968 2493 1079 2559 omnia
1118 2509 1166 2556 uae
1178 2486 1221 2557 ad
1238 2482 1283 2558 sui
1300 2483 1575 2564 conservationem
1587 2517 1667 2590 opus
1684 2493 1785 2579 sunt,

426 2585 483 2660 sed
495 2588 624 2660 aliundd
637 2611 675 2658 ea
687 2609 893 2673 mutuentur,
907 2606 1006 2679 atque
1021 2580 1077 2652 ubi
1092 2514 1225 2669 iesum,
1250 2585 1355 2654 statim
1379 2590 1586 2661 emoriantur.
1620 2591 1716 2662 Unde
1736 2597 1786 2665 vit

428 2683 485 2757 illa
501 2679 547 2754 sui
568 2680 783 2752 conservatrix
798 2685 832 2750 in
843 2681 960 2775 plantis
972 2689 1006 2750 &
1022 2675 1238 2758 animantibus
1250 2679 1425 2752 admodum
1436 2684 1523 2752 arcia
1538 2685 1583 2755 est
1600 2692 1634 2757 dc
1645 2687 1784 2784 angusta.

430 2781 494 2850 Sed
507 2799 591 2850 terra
603 2773 670 2875 ipsa
684 2773 763 2848 cilm
780 2794 956 2874 augmento
973 2795 1029 2844 aut
1052 2771 1207 2842 alimonia
1227 2799 1294 2846 nuri
1318 2798 1410 2873 egeat
1435 2773 1506 2863 ,sei
1529 2773 1595 2849 sain
1620 2802 1728 2853 tuetur
1752 2791 1785 2857 dt

428 2871 618 2963 conservat,
632 2895 708 2945 cum
725 2892 830 2970 partes
840 2874 923 2945 inter
938 2865 968 2941 se
981 2875 1180 2941 connexas&
1189 2872 1254 2940 uni
1268 2873 1453 2965 conjunsiat
1465 2870 1506 2941 ba
1546 2897 1581 2961 t,
1595 2898 1635 2944 ne
1645 2874 1785 2968 injecta

427 2965 640 3069 dissipentur,
659 2969 756 3064 idque
767 2969 932 3067 gravitatis
941 2960 1099 3038 beneficio
1112 2959 1327 3061 consequitur.
1358 2971 1440 3063 Qua
1451 2991 1517 3038 non
1528 2989 1598 3040 tam
1610 2993 1718 3041 motus
1730 2975 1787 3062 est,

430 3071 535 3159 quam
554 3060 637 3135 nisus
653 3065 834 3135 admotum
851 3063 929 3153 3bic
943 3083 1053 3136 tamen
1066 3083 1135 3131 noti
1152 3057 1270 3133 otiosus
1283 3062 1327 3132 est
1338 3117 1350 3151 ,
1361 3059 1414 3134 sed
1427 3066 1628 3138 continenter
1641 3071 1729 3166 agit,
1743 3072 1786 3141 ita

429 3180 467 3229 ut
487 3158 643 3231 debiliora
659 3156 847 3231 fortioribus
868 3162 993 3232 cedant.
1471 3160 1474 3165 ’

427 3304 430 3311 -
479 3260 558 3329 111.
592 3259 729 3328 Motum
741 3257 820 3326 veri>
831 3255 993 3355 triplicem
1017 3254 1249 3353 distinguebat,
1270 3260 1504 3356 proiectionir,
1529 3258 1785 3361 impulsionis&

427 3353 642 3428 attractionis.
669 3355 787 3423 Motot
799 3355 832 3420 in
844 3349 968 3423 mobile
985 3355 1055 3423 vim
1069 3345 1156 3422 suam
1168 3359 1289 3423 eterit·
1315 3358 1496 3451 projestum
1516 3355 1655 3429 liberum
1677 3358 1787 3431 dimit·

427 3454 469 3522 tit
486 3504 497 3537 ,
516 3449 688 3546 postquam
699 3445 776 3518 huic
788 3471 917 3519 motum
933 3443 1105 3544 impreffit.
1132 3475 1161 3520 2·
1186 3413 1342 3547 Impulsus
1359 3451 1475 3522 dicitur
1489 3477 1566 3523 cum
1589 3477 1699 3526 motor
1712 3481 1786 3526 mo·

426 3542 494 3618 bile
509 3545 620 3615 tandiu
631 3546 824 3631 comitatur,
842 3544 984 3641 quandiu
1007 3565 1115 3612 motus
1134 3544 1227 3613 durat
1244 3578 1254 3631 3
1274 3540 1327 3614 seu
1346 3544 1378 3616 id
1401 3544 1521 3634 vehat,
1543 3547 1596 3620 seu
1612 3550 1645 3620 id
1659 3550 1787 3638 trahat,

429 3638 603 3738 autpcllat.
629 3643 736 3735 Atque
749 3637 925 3712 hocunum
940 3640 1092 3710 motionis
1101 3661 1201 3736 genus
1209 3636 1317 3711 benet
1364 3645 1519 3714 nitumest
1532 3643 1786 3745 &perspcdkum

429 3739 522 3808 Nam
539 3739 572 3803 in
587 3737 738 3830 projtstis
757 3759 865 3806 motus
879 3737 1060 3807 continuati
1072 3729 1164 3804 causa
1179 3790 1191 3825 ‚
1205 3761 1281 3806 curn
1292 3665 1449 3809 moobilei
1467 3763 1596 3811 mutore
1614 3738 1786 3842 separatur,

428 3824 503 3899 satis
523 3823 657 3898 obscura
676 3830 720 3897 tsi
735 3836 767 3900 dc
782 3832 959 3911 recondita.

431 3922 433 3926 ’
489 3930 549 3995 lV.
572 3924 784 3993 ilttraciionis
797 3975 810 4008 ,
823 3919 847 3991 fi
862 3948 932 4020 que
948 3923 1005 4014 sit,
1019 3924 1111 3999 causa
1127 3930 1171 3999 est
1185 3926 1372 4021 obscurior,
1387 3959 1462 4008 cum
1472 3957 1580 4008 motor
1591 3939 1704 4032 agitin
1716 3963 1788 4009 tiro-

429 4016 497 4092 bile
515 4021 594 4088 citra
610 4018 810 4090 contastum.
842 4024 924 4091 Eam
945 4029 1102 4096 tamenin
1125 4050 1272 4123 magnete
1283 4036 1318 4100 δι
1329 4029 1486 4103 eleciricis
1501 4030 1692 4127 corporibus
1711 4059 1790 4103 coii-

430 4114 453 4190 s
468 4118 575 4185 icuam
595 4107 656 4183 esse
677 4109 784 4182 aiebat
803 4146 813 4202 3
837 4139 1012 4213 corporum
1026 4125 1218 4217 gravitatem
1235 4127 1427 4197 attractione
1442 4125 1534 4216 fieti,
1552 4125 1676 4199 tametsi
1697 4128 1792 4204 causa

430 4141 517 4286 ibitis
540 4208 691 4279 nonalia
718 4203 755 4277 fit
774 4211 877 4304 quim
898 4218 1001 4309 prima
1027 4220 1175 4287 omnium
1186 4214 1288 4292 causa.
1317 4221 1553 4296 Attraslionent
1577 4229 1655 4293 reto
1680 4226 1793 4300 multis

433 4307 662 4402 experimentis
677 4301 889 4403 comprobare
914 4308 1075 4381 nitebatur
1093 4335 1171 4408 quas
1189 4312 1261 4384 satis
1290 4320 1465 4389 commode
1487 4345 1543 4416 per
1564 4316 1792 4416 impulsionem

431 4401 586 4497 explicari
599 4395 684 4497 polle
698 4423 811 4469 omnes
826 4426 907 4500 pene
919 4411 1111 4479 recentiores
1126 4405 1314 4510 Philosophi
1332 4413 1609 4504 demonstrarunt,
1634 4439 1743 4514 neque
1758 4422 1792 4490 in

433 4499 482 4572 liis
494 4497 612 4567 diutius
629 4492 722 4564 nobit
734 4497 983 4576 immorandum.

482 4599 523 4668 v.
549 4587 776 4700 Qamobreni
788 4588 967 4668 descensum
979 4605 1127 4698 gravium
1138 4600 1322 4703 impulsioni
1341 4606 1501 4699 cuidam,
1530 4634 1598 4682 non
1620 4613 1793 4683 attradiio:

432 4696 494 4782 ni,
508 4709 564 4761 aut
576 4683 778 4756 inclinationi
790 4682 811 4755 ὲ
825 4709 936 4762 natura
949 4699 1076 4787 inditae,
1095 4723 1232 4797 quaeque
1254 4707 1289 4771 iri
1307 4701 1401 4774 rebus
1422 4711 1573 4777 inanimis
1587 4712 1642 4777 vix
1654 4707 1792 4806 intelligi

430 4786 537 4892 201⁶st
548 4839 561 4875 i
574 4778 855 4888 “lbfflumtlfss
867 4786 1054 4893 censuerunt
1069 4800 1114 4870 D.
1129 4800 1178 4871 D.
1190 4800 1349 4900 Hugens,
1362 4800 1537 4897 Peiiault,
1558 4808 1645 4879 uuor
1664 4811 1702 4881 dt
1724 4803 1791 4879 alii.
